Date,VALUE,VOLUME
2018-06-29 16:00:00.026,186.13,100.0
2018-06-29 16:00:00.027,186.12,100.0
2018-06-29 16:00:00.038,186.12,1.0
2018-06-29 16:00:00.038,186.12,1.0
2018-06-29 16:00:00.344,186.12,98.0
2018-06-29 16:00:01.045,186.13,10.0
2018-06-29 16:00:01.045,186.13,90.0
2018-06-29 16:00:01.374,186.13,100.0
2018-06-29 16:00:01.688,186.1399,30.0
2018-06-29 16:00:02.722,186.1227,25.0
2018-06-29 16:00:02.722,186.13,100.0
2018-06-29 16:00:03.060,186.13,100.0
2018-06-29 16:00:03.379,186.13,9.0
2018-06-29 16:00:03.431,186.14,15.0
2018-06-29 16:00:04.461,186.12,500.0
2018-06-29 16:00:04.463,186.13,43.0
2018-06-29 16:00:05.911,186.14,777.0
2018-06-29 16:00:06.028,186.12,100.0
2018-06-29 16:00:06.209,186.14,1.0
2018-06-29 16:00:06.756,186.12,14.0
2018-06-29 16:00:07.366,186.1201,3.0
2018-06-29 16:00:07.474,186.12,23.0
2018-06-29 16:00:07.477,186.12,100.0
2018-06-29 16:00:07.485,186.12,50.0
2018-06-29 16:00:07.637,186.12,30.0
2018-06-29 16:00:07.670,186.12,100.0
2018-06-29 16:00:07.675,186.12,36.0
2018-06-29 16:00:07.675,186.12,1.0
2018-06-29 16:00:07.675,186.12,1.0
2018-06-29 16:00:07.675,186.12,1.0
2018-06-29 16:00:07.675,186.12,100.0
2018-06-29 16:00:07.675,186.12,1.0
2018-06-29 16:00:07.675,186.12,3.0
2018-06-29 16:00:07.675,186.12,100.0
2018-06-29 16:00:07.675,186.12,62.0
2018-06-29 16:00:07.675,186.12,38.0
2018-06-29 16:00:07.675,186.12,12.0
2018-06-29 16:00:07.676,186.12,247.0
2018-06-29 16:00:07.676,186.12,23.0
2018-06-29 16:00:07.676,186.12,30.0
2018-06-29 16:00:07.676,186.12,40.0
2018-06-29 16:00:07.690,186.1,200.0
2018-06-29 16:00:07.690,186.1,100.0
2018-06-29 16:00:07.690,186.1,100.0
2018-06-29 16:00:07.690,186.1,100.0
2018-06-29 16:00:07.692,186.09,100.0
2018-06-29 16:00:07.692,186.09,300.0
2018-06-29 16:00:07.692,186.09,100.0
2018-06-29 16:00:07.693,186.09,100.0
2018-06-29 16:00:07.737,186.1,92.0
2018-06-29 16:00:07.737,186.1,100.0
2018-06-29 16:00:07.737,186.1,8.0
2018-06-29 16:00:07.737,186.1,100.0
2018-06-29 16:00:08.388,186.09,35.0
2018-06-29 16:00:08.487,186.09,100.0
2018-06-29 16:00:09.058,186.09,4.0
2018-06-29 16:00:09.257,186.0984,100.0
2018-06-29 16:00:09.262,186.1,100.0
2018-06-29 16:00:09.262,186.1,100.0
2018-06-29 16:00:09.263,186.1,100.0
2018-06-29 16:00:09.263,186.1,25.0
2018-06-29 16:00:09.263,186.0989,100.0
2018-06-29 16:00:09.263,186.1,86.0
2018-06-29 16:00:09.263,186.0975,500.0
2018-06-29 16:00:09.263,186.1,14.0
2018-06-29 16:00:10.124,186.1035,17.0
2018-06-29 16:00:10.892,186.1,262.0
2018-06-29 16:00:11.634,186.105,2.0
2018-06-29 16:00:11.638,186.1,100.0
2018-06-29 16:00:11.651,186.1,1.0
2018-06-29 16:00:11.652,186.1,100.0
2018-06-29 16:00:11.652,186.1,100.0
2018-06-29 16:00:11.832,186.1,20.0
2018-06-29 16:00:12.267,186.1,100.0
2018-06-29 16:00:12.656,186.09,100.0
2018-06-29 16:00:14.122,186.1,100.0
2018-06-29 16:00:14.122,186.1,10.0
2018-06-29 16:00:15.089,186.1,100.0
2018-06-29 16:00:15.089,186.1,100.0
2018-06-29 16:00:15.090,186.1,100.0
2018-06-29 16:00:15.090,186.1,26.0
2018-06-29 16:00:15.090,186.1,100.0
2018-06-29 16:00:15.099,186.09,100.0
2018-06-29 16:00:15.099,186.09,100.0
2018-06-29 16:00:15.167,186.09,100.0
2018-06-29 16:00:15.167,186.09,100.0
2018-06-29 16:00:15.167,186.09,100.0
2018-06-29 16:00:16.687,186.0848,100.0
2018-06-29 16:00:17.069,186.0835,50.0
2018-06-29 16:00:17.212,186.09,1.0
2018-06-29 16:00:17.212,186.09,99.0
2018-06-29 16:00:17.266,186.09,100.0
2018-06-29 16:00:19.009,186.085,1.0
2018-06-29 16:00:19.013,186.08,87.0
2018-06-29 16:00:19.023,186.08,12.0
2018-06-29 16:00:19.536,186.08,88.0
2018-06-29 16:00:19.536,186.08,1.0
2018-06-29 16:00:19.537,186.08,100.0
2018-06-29 16:00:19.537,186.08,1.0
2018-06-29 16:00:19.628,186.066,20.0
2018-06-29 16:00:19.672,186.0646,242.0
2018-06-29 16:00:20.103,186.06,100.0
2018-06-29 16:00:20.184,186.06,100.0
2018-06-29 16:00:20.186,186.05,100.0
2018-06-29 16:00:20.791,186.06,10.0
2018-06-29 16:00:20.818,186.05,30.0
2018-06-29 16:00:20.818,186.05,100.0
2018-06-29 16:00:20.819,186.04,20.0
2018-06-29 16:00:20.819,186.04,22.0
2018-06-29 16:00:20.819,186.04,100.0
2018-06-29 16:00:20.819,186.04,58.0
2018-06-29 16:00:20.819,186.03,22.0
2018-06-29 16:00:20.819,186.03,44.0
2018-06-29 16:00:20.821,186.04,22.0
2018-06-29 16:00:20.822,186.039,2.0
2018-06-29 16:00:20.886,186.05,100.0
2018-06-29 16:00:21.508,186.06,9.0
2018-06-29 16:00:21.550,186.06,100.0
2018-06-29 16:00:22.417,186.07,100.0
2018-06-29 16:00:22.417,186.07,1.0
2018-06-29 16:00:22.417,186.07,1.0
2018-06-29 16:00:22.418,186.07,100.0
2018-06-29 16:00:24.484,186.08,10.0
2018-06-29 16:00:24.715,186.07,1.0
2018-06-29 16:00:24.761,186.07,1.0
2018-06-29 16:00:24.767,186.0701,1.0
2018-06-29 16:00:25.259,186.08,72.0
2018-06-29 16:00:25.259,186.08,28.0
2018-06-29 16:00:25.259,186.08,72.0
2018-06-29 16:00:25.259,186.08,118.0
2018-06-29 16:00:28.272,186.08,100.0
2018-06-29 16:00:28.272,186.08,10.0
2018-06-29 16:00:28.273,186.08,2.0
2018-06-29 16:00:28.380,186.075,1.0
2018-06-29 16:00:29.446,186.07,600.0
2018-06-29 16:00:30.532,186.0797,119.0
2018-06-29 16:00:30.632,186.08,44.0
2018-06-29 16:00:30.996,186.0821,1.0
2018-06-29 16:00:31.286,186.0701,125.0
2018-06-29 16:00:32.269,186.08,100.0
2018-06-29 16:00:33.180,186.08,58.0
2018-06-29 16:00:37.478,186.09,100.0
2018-06-29 16:00:38.093,186.0801,3.0
2018-06-29 16:00:39.413,186.09,1.0
2018-06-29 16:00:39.413,186.09,174.0
2018-06-29 16:00:39.413,186.09,25.0
2018-06-29 16:00:39.413,186.09,100.0
2018-06-29 16:00:39.413,186.09,10.0
2018-06-29 16:00:39.413,186.09,100.0
2018-06-29 16:00:39.413,186.09,1.0
2018-06-29 16:00:39.413,186.09,1.0
2018-06-29 16:00:39.414,186.11,100.0
2018-06-29 16:00:39.414,186.11,300.0
2018-06-29 16:00:39.415,186.1,100.0
2018-06-29 16:00:40.434,186.1061,34.0
2018-06-29 16:00:41.444,186.105,100.0
2018-06-29 16:00:43.070,186.11,10.0
2018-06-29 16:00:43.071,186.11,100.0
2018-06-29 16:00:43.071,186.11,100.0
2018-06-29 16:00:43.071,186.11,100.0
2018-06-29 16:00:43.071,186.11,100.0
2018-06-29 16:00:43.071,186.11,100.0
2018-06-29 16:00:43.071,186.11,100.0
2018-06-29 16:00:43.071,186.11,790.0
2018-06-29 16:00:43.071,186.11,2.0
2018-06-29 16:00:43.071,186.11,98.0
2018-06-29 16:00:43.074,186.11,100.0
2018-06-29 16:00:43.078,186.1,2310.0
2018-06-29 16:00:43.242,186.1,100.0
2018-06-29 16:00:43.253,186.1,1.0
2018-06-29 16:00:43.253,186.1,1.0
2018-06-29 16:00:43.253,186.1,100.0
2018-06-29 16:00:43.302,186.081,1.0
2018-06-29 16:00:43.622,186.0801,3.0
2018-06-29 16:00:44.055,186.09,100.0
2018-06-29 16:00:44.193,186.09,100.0
2018-06-29 16:00:44.194,186.09,35.0
2018-06-29 16:00:44.194,186.09,69.0
2018-06-29 16:00:44.194,186.09,65.0
2018-06-29 16:00:44.194,186.09,1.0
2018-06-29 16:00:44.194,186.09,31.0
2018-06-29 16:00:44.199,186.1,200.0
2018-06-29 16:00:44.199,186.1,100.0
2018-06-29 16:00:44.219,186.1,1.0
2018-06-29 16:00:44.354,186.0999,2.0
2018-06-29 16:00:45.189,186.09,25.0
2018-06-29 16:00:47.269,186.1,100.0
2018-06-29 16:00:49.453,186.11,1.0
2018-06-29 16:00:49.454,186.1,1.0
2018-06-29 16:00:52.098,186.0978,2.0
2018-06-29 16:00:53.128,186.12,4.0
2018-06-29 16:00:55.301,186.0915,15.0
2018-06-29 16:00:55.616,186.09,100.0
2018-06-29 16:00:55.617,186.09,1.0
2018-06-29 16:00:55.617,186.09,1.0
2018-06-29 16:00:55.617,186.09,10.0
2018-06-29 16:00:55.617,186.09,1.0
2018-06-29 16:00:55.617,186.09,9.0
2018-06-29 16:00:56.284,186.09,60.0
2018-06-29 16:00:56.284,186.09,40.0
2018-06-29 16:00:56.668,186.08,30.0
2018-06-29 16:00:56.668,186.08,100.0
2018-06-29 16:00:56.669,186.08,200.0
2018-06-29 16:00:56.669,186.08,100.0
2018-06-29 16:00:56.669,186.08,100.0
2018-06-29 16:01:00.339,186.075,25.0
2018-06-29 16:01:01.449,186.07,10.0
2018-06-29 16:01:03.363,186.08,1.0
2018-06-29 16:01:03.365,186.0799,1.0
2018-06-29 16:01:03.369,186.08,100.0
2018-06-29 16:01:03.369,186.08,100.0
2018-06-29 16:01:03.369,186.08,38.0
2018-06-29 16:01:03.369,186.08,2.0
2018-06-29 16:01:03.369,186.08,100.0
2018-06-29 16:01:03.369,186.08,100.0
2018-06-29 16:01:03.369,186.08,62.0
2018-06-29 16:01:03.371,186.0799,2.0
2018-06-29 16:01:03.372,186.079,100.0
2018-06-29 16:01:03.372,186.0789,100.0
2018-06-29 16:01:03.373,186.0788,100.0
2018-06-29 16:01:03.373,186.0783,38.0
2018-06-29 16:01:03.383,186.08,41.0
2018-06-29 16:01:03.385,186.0786,41.0
2018-06-29 16:01:03.386,186.08,59.0
2018-06-29 16:01:03.388,186.0788,59.0
2018-06-29 16:01:03.407,186.09,100.0
2018-06-29 16:01:03.409,186.08,100.0
2018-06-29 16:01:03.422,186.1,100.0
2018-06-29 16:01:03.422,186.1,100.0
2018-06-29 16:01:03.422,186.1,100.0
2018-06-29 16:01:03.424,186.093,100.0
2018-06-29 16:01:03.425,186.093,100.0
2018-06-29 16:01:03.425,186.093,100.0
2018-06-29 16:01:04.512,186.1,1.0
2018-06-29 16:01:04.512,186.1,100.0
2018-06-29 16:01:04.512,186.1,1.0
2018-06-29 16:01:04.512,186.1,100.0
2018-06-29 16:01:04.512,186.1,100.0
2018-06-29 16:01:04.513,186.1,100.0
2018-06-29 16:01:04.520,186.09,100.0
2018-06-29 16:01:04.520,186.09,100.0
2018-06-29 16:01:04.520,186.1,100.0
2018-06-29 16:01:04.520,186.1,100.0
2018-06-29 16:01:04.520,186.1,100.0
2018-06-29 16:01:04.520,186.1,100.0
2018-06-29 16:01:04.520,186.1,100.0
2018-06-29 16:01:04.522,186.1,200.0
2018-06-29 16:01:04.522,186.1,100.0
2018-06-29 16:01:04.528,186.1,100.0
2018-06-29 16:01:04.528,186.1,100.0
2018-06-29 16:01:04.528,186.1,300.0
2018-06-29 16:01:04.528,186.1,100.0
2018-06-29 16:01:04.528,186.1,100.0
2018-06-29 16:01:04.528,186.1,400.0
2018-06-29 16:01:04.528,186.1,100.0
2018-06-29 16:01:04.528,186.1,100.0
2018-06-29 16:01:04.528,186.1,100.0
2018-06-29 16:01:04.528,186.1,100.0
2018-06-29 16:01:04.528,186.1,400.0
2018-06-29 16:01:04.528,186.1,100.0
2018-06-29 16:01:04.528,186.1,100.0
2018-06-29 16:01:04.528,186.1,200.0
2018-06-29 16:01:04.528,186.1,300.0
2018-06-29 16:01:04.528,186.1,100.0
2018-06-29 16:01:04.528,186.1,100.0
2018-06-29 16:01:04.529,186.09,800.0
2018-06-29 16:01:04.529,186.09,100.0
2018-06-29 16:01:04.529,186.1,100.0
2018-06-29 16:01:04.532,186.1,100.0
2018-06-29 16:01:04.539,186.0999,59.0
2018-06-29 16:01:04.666,186.09,100.0
2018-06-29 16:01:05.475,186.09,100.0
2018-06-29 16:01:05.718,186.09,100.0
2018-06-29 16:01:05.718,186.09,10.0
2018-06-29 16:01:05.718,186.09,1.0
2018-06-29 16:01:05.718,186.08,100.0
2018-06-29 16:01:05.718,186.08,100.0
2018-06-29 16:01:05.718,186.08,50.0
2018-06-29 16:01:05.718,186.08,50.0
2018-06-29 16:01:05.718,186.08,100.0
2018-06-29 16:01:05.718,186.08,26.0
2018-06-29 16:01:05.718,186.08,224.0
2018-06-29 16:01:05.718,186.08,150.0
2018-06-29 16:01:05.719,186.08,300.0
2018-06-29 16:01:05.719,186.08,150.0
2018-06-29 16:01:05.719,186.08,100.0
2018-06-29 16:01:05.726,186.08,200.0
2018-06-29 16:01:05.912,186.08,76.0
2018-06-29 16:01:05.913,186.08,160.0
2018-06-29 16:01:05.913,186.08,100.0
2018-06-29 16:01:05.915,186.08,70.0
2018-06-29 16:01:05.921,186.0799,31.0
2018-06-29 16:01:06.297,186.07,100.0
2018-06-29 16:01:06.297,186.07,1.0
2018-06-29 16:01:06.298,186.07,100.0
2018-06-29 16:01:06.402,186.06,100.0
2018-06-29 16:01:06.402,186.06,100.0
2018-06-29 16:01:06.402,186.06,100.0
2018-06-29 16:01:06.402,186.06,100.0
2018-06-29 16:01:06.423,186.06,100.0
2018-06-29 16:01:07.060,186.06,100.0
2018-06-29 16:01:07.060,186.055,18.0
2018-06-29 16:01:09.127,186.0701,19.0
2018-06-29 16:01:10.618,186.08,100.0
2018-06-29 16:01:10.618,186.08,100.0
2018-06-29 16:01:10.618,186.08,100.0
2018-06-29 16:01:10.618,186.08,100.0
2018-06-29 16:01:10.619,186.09,100.0
2018-06-29 16:01:10.961,186.0776,825.0
2018-06-29 16:01:11.580,186.08,100.0
2018-06-29 16:01:11.580,186.08,100.0
2018-06-29 16:01:11.580,186.08,100.0
2018-06-29 16:01:11.586,186.08,41.0
2018-06-29 16:01:13.267,186.0855,6.0
2018-06-29 16:01:14.435,186.09,199.0
2018-06-29 16:01:14.435,186.09,100.0
2018-06-29 16:01:14.435,186.09,10.0
2018-06-29 16:01:14.435,186.09,199.0
2018-06-29 16:01:14.435,186.09,2.0
2018-06-29 16:01:14.437,186.09,84.0
2018-06-29 16:01:14.437,186.08,84.0
2018-06-29 16:01:15.657,186.1,30.0
2018-06-29 16:01:15.787,186.1,90.0
2018-06-29 16:01:16.803,186.095,100.0
2018-06-29 16:01:17.566,186.09,68.0
2018-06-29 16:01:17.566,186.09,391.0
2018-06-29 16:01:17.566,186.0901,600.0
2018-06-29 16:01:17.567,186.09,100.0
2018-06-29 16:01:17.578,186.0901,100.0
2018-06-29 16:01:17.578,186.0901,100.0
2018-06-29 16:01:18.254,186.1,100.0
2018-06-29 16:01:18.262,186.094,3438.0
2018-06-29 16:01:18.262,186.0901,900.0
2018-06-29 16:01:18.815,186.09,1.0
2018-06-29 16:01:18.815,186.09,99.0
2018-06-29 16:01:24.287,186.0927,75.0
2018-06-29 16:01:24.827,186.1,80.0
2018-06-29 16:01:24.827,186.1,1.0
2018-06-29 16:01:24.827,186.1,138.0
2018-06-29 16:01:24.827,186.1,12.0
2018-06-29 16:01:24.827,186.1,100.0
2018-06-29 16:01:24.827,186.1,100.0
2018-06-29 16:01:24.829,186.095,81.0
2018-06-29 16:01:24.831,186.1,66.0
2018-06-29 16:01:24.836,186.1,100.0
2018-06-29 16:01:25.100,186.11,100.0
2018-06-29 16:01:25.310,186.1,100.0
2018-06-29 16:01:26.949,186.11,100.0
2018-06-29 16:01:26.950,186.11,100.0
2018-06-29 16:01:26.956,186.11,4.0
2018-06-29 16:01:26.990,186.12,200.0
2018-06-29 16:01:26.990,186.12,200.0
2018-06-29 16:01:26.990,186.12,300.0
2018-06-29 16:01:26.990,186.12,100.0
2018-06-29 16:01:27.164,186.12,200.0
2018-06-29 16:01:27.838,186.13,100.0
2018-06-29 16:01:31.117,186.13,1000.0
2018-06-29 16:01:31.168,186.14,100.0
2018-06-29 16:01:31.169,186.14,10.0
2018-06-29 16:01:31.615,186.15,13.0
2018-06-29 16:01:31.791,186.14,1.0
2018-06-29 16:01:31.791,186.14,1.0
2018-06-29 16:01:31.791,186.14,1.0
2018-06-29 16:01:31.791,186.14,1.0
2018-06-29 16:01:31.792,186.14,100.0
2018-06-29 16:01:31.995,186.14,34.0
2018-06-29 16:01:32.830,186.144,8.0
2018-06-29 16:01:33.853,186.14,10.0
2018-06-29 16:01:34.153,186.14,200.0
2018-06-29 16:01:34.153,186.14,26.0
2018-06-29 16:01:34.153,186.13,100.0
2018-06-29 16:01:34.153,186.14,100.0
2018-06-29 16:01:34.153,186.14,190.0
2018-06-29 16:01:34.154,186.13,99.0
2018-06-29 16:01:34.154,186.13,200.0
2018-06-29 16:01:34.154,186.13,99.0
2018-06-29 16:01:34.154,186.13,101.0
2018-06-29 16:01:34.154,186.13,1.0
2018-06-29 16:01:34.154,186.13,100.0
2018-06-29 16:01:34.154,186.14,1.0
2018-06-29 16:01:34.154,186.13,100.0
2018-06-29 16:01:34.155,186.12,1.0
2018-06-29 16:01:34.155,186.12,200.0
2018-06-29 16:01:34.155,186.12,100.0
2018-06-29 16:01:34.155,186.12,93.0
2018-06-29 16:01:34.156,186.11,100.0
2018-06-29 16:01:34.156,186.11,300.0
2018-06-29 16:01:34.156,186.11,100.0
2018-06-29 16:01:34.156,186.11,100.0
2018-06-29 16:01:34.162,186.11,100.0
2018-06-29 16:01:34.163,186.11,100.0
2018-06-29 16:01:34.165,186.11,100.0
2018-06-29 16:01:34.184,186.12,100.0
2018-06-29 16:01:34.198,186.1,12.0
2018-06-29 16:01:34.198,186.1,200.0
2018-06-29 16:01:34.198,186.1,63.0
2018-06-29 16:01:34.385,186.1,72.0
2018-06-29 16:01:34.385,186.1,28.0
2018-06-29 16:01:34.475,186.1199,8.0
2018-06-29 16:01:35.022,186.1033,100.0
2018-06-29 16:01:35.331,186.1,100.0
2018-06-29 16:01:36.281,186.12,200.0
2018-06-29 16:01:36.281,186.13,600.0
2018-06-29 16:01:36.281,186.13,200.0
2018-06-29 16:01:36.281,186.13,100.0
2018-06-29 16:01:36.281,186.14,200.0
2018-06-29 16:01:36.281,186.14,200.0
2018-06-29 16:01:36.281,186.14,100.0
2018-06-29 16:01:36.281,186.14,300.0
2018-06-29 16:01:36.281,186.14,100.0
2018-06-29 16:01:36.281,186.13,800.0
2018-06-29 16:01:36.281,186.13,100.0
2018-06-29 16:01:36.281,186.12,100.0
2018-06-29 16:01:36.281,186.14,100.0
2018-06-29 16:01:36.281,186.13,800.0
2018-06-29 16:01:36.281,186.14,100.0
2018-06-29 16:01:36.281,186.14,400.0
2018-06-29 16:01:36.281,186.13,100.0
2018-06-29 16:01:36.281,186.14,100.0
2018-06-29 16:01:36.281,186.14,100.0
2018-06-29 16:01:36.281,186.14,100.0
2018-06-29 16:01:36.281,186.14,100.0
2018-06-29 16:01:36.281,186.14,400.0
2018-06-29 16:01:36.281,186.14,100.0
2018-06-29 16:01:36.281,186.13,300.0
2018-06-29 16:01:36.281,186.13,100.0
2018-06-29 16:01:36.281,186.14,300.0
2018-06-29 16:01:36.281,186.13,100.0
2018-06-29 16:01:36.312,186.14,34.0
2018-06-29 16:01:37.073,186.14,100.0
2018-06-29 16:01:37.147,186.1301,100.0
2018-06-29 16:01:39.280,186.14,100.0
2018-06-29 16:01:39.280,186.14,10.0
2018-06-29 16:01:39.280,186.14,100.0
2018-06-29 16:01:39.280,186.14,400.0
2018-06-29 16:01:39.280,186.14,200.0
2018-06-29 16:01:39.281,186.14,200.0
2018-06-29 16:01:39.281,186.14,10.0
2018-06-29 16:01:39.281,186.14,600.0
2018-06-29 16:01:39.281,186.135,400.0
2018-06-29 16:01:39.281,186.14,400.0
2018-06-29 16:01:39.281,186.14,8.0
2018-06-29 16:01:39.282,186.135,100.0
2018-06-29 16:01:39.282,186.135,200.0
2018-06-29 16:01:39.283,186.14,600.0
2018-06-29 16:01:39.584,186.13,100.0
2018-06-29 16:01:39.586,186.13,100.0
2018-06-29 16:01:41.737,186.1422,161.0
2018-06-29 16:01:41.936,186.135,47.0
2018-06-29 16:01:42.077,186.14,100.0
2018-06-29 16:01:42.556,186.1375,10.0
2018-06-29 16:01:43.259,186.1301,60.0
2018-06-29 16:01:43.759,186.14,100.0
2018-06-29 16:01:43.759,186.14,10.0
2018-06-29 16:01:43.760,186.14,1000.0
2018-06-29 16:01:44.506,186.14,24.0
2018-06-29 16:01:44.582,186.1435,35.0
2018-06-29 16:01:44.889,186.1499,45.0
2018-06-29 16:01:45.157,186.14,50.0
2018-06-29 16:01:45.157,186.14,100.0
2018-06-29 16:01:45.625,186.13,100.0
2018-06-29 16:01:45.625,186.13,44.0
2018-06-29 16:01:45.625,186.13,50.0
2018-06-29 16:01:45.625,186.13,6.0
2018-06-29 16:01:45.625,186.13,1.0
2018-06-29 16:01:45.625,186.13,1.0
2018-06-29 16:01:45.625,186.13,100.0
2018-06-29 16:01:45.625,186.13,100.0
2018-06-29 16:01:45.625,186.13,200.0
2018-06-29 16:01:45.626,186.13,96.0
2018-06-29 16:01:45.630,186.13,300.0
2018-06-29 16:01:45.630,186.13,117.0
2018-06-29 16:01:45.631,186.13,100.0
2018-06-29 16:01:45.969,186.14,100.0
2018-06-29 16:01:47.349,186.1331,700.0
2018-06-29 16:01:47.826,186.13,100.0
2018-06-29 16:01:49.668,186.1338,68.0
2018-06-29 16:01:49.944,186.14,126.0
2018-06-29 16:01:49.944,186.14,10.0
2018-06-29 16:01:49.944,186.14,100.0
2018-06-29 16:01:49.944,186.14,78.0
2018-06-29 16:01:49.944,186.14,22.0
2018-06-29 16:01:49.945,186.14,10.0
2018-06-29 16:01:51.072,186.14,35.0
2018-06-29 16:01:52.444,186.1401,6.0
2018-06-29 16:01:52.626,186.14,100.0
2018-06-29 16:01:52.626,186.14,100.0
2018-06-29 16:01:52.626,186.14,100.0
2018-06-29 16:01:52.626,186.14,90.0
2018-06-29 16:01:52.626,186.14,100.0
2018-06-29 16:01:52.626,186.14,100.0
2018-06-29 16:01:52.626,186.14,100.0
2018-06-29 16:01:52.627,186.14,2.0
2018-06-29 16:01:52.953,186.13,6.0
2018-06-29 16:01:52.955,186.1301,6.0
2018-06-29 16:01:53.218,186.1314,600.0
2018-06-29 16:01:55.264,186.1385,400.0
2018-06-29 16:01:55.269,186.14,100.0
2018-06-29 16:01:55.269,186.14,10.0
2018-06-29 16:01:55.269,186.14,10.0
2018-06-29 16:01:55.310,186.15,387.0
2018-06-29 16:01:55.310,186.15,3.0
2018-06-29 16:01:55.310,186.15,100.0
2018-06-29 16:01:55.314,186.14,100.0
2018-06-29 16:01:55.350,186.14,100.0
2018-06-29 16:01:55.350,186.14,100.0
2018-06-29 16:01:55.641,186.1385,100.0
2018-06-29 16:01:55.647,186.14,100.0
2018-06-29 16:01:56.179,186.135,184.0
2018-06-29 16:01:56.624,186.13,100.0
2018-06-29 16:01:56.624,186.13,1.0
2018-06-29 16:01:56.624,186.13,99.0
2018-06-29 16:01:56.654,186.13,1.0
2018-06-29 16:01:56.654,186.13,100.0
2018-06-29 16:01:56.654,186.13,1.0
2018-06-29 16:01:56.654,186.13,1.0
2018-06-29 16:01:56.655,186.13,10.0
2018-06-29 16:01:56.655,186.13,90.0
2018-06-29 16:01:56.656,186.12,200.0
2018-06-29 16:01:59.820,186.14,100.0
2018-06-29 16:01:59.919,186.13,4.0
2018-06-29 16:02:00.278,186.12,100.0
2018-06-29 16:02:00.751,186.13,1.0
2018-06-29 16:02:00.751,186.13,5.0
2018-06-29 16:02:01.057,186.1301,2.0
2018-06-29 16:02:01.701,186.1384,100.0
2018-06-29 16:02:01.703,186.14,100.0
2018-06-29 16:02:01.703,186.14,100.0
2018-06-29 16:02:01.703,186.14,100.0
2018-06-29 16:02:01.703,186.14,2.0
2018-06-29 16:02:01.703,186.14,100.0
2018-06-29 16:02:01.704,186.14,10.0
2018-06-29 16:02:01.708,186.15,14.0
2018-06-29 16:02:01.708,186.15,86.0
2018-06-29 16:02:01.708,186.15,100.0
2018-06-29 16:02:01.708,186.15,100.0
2018-06-29 16:02:01.708,186.15,14.0
2018-06-29 16:02:01.709,186.15,10.0
2018-06-29 16:02:01.709,186.15,10.0
2018-06-29 16:02:01.709,186.15,10.0
2018-06-29 16:02:02.953,186.1561,50.0
2018-06-29 16:02:03.440,186.1599,26.0
2018-06-29 16:02:04.352,186.16,10.0
2018-06-29 16:02:04.353,186.16,3.0
2018-06-29 16:02:04.353,186.16,37.0
2018-06-29 16:02:04.353,186.16,10.0
2018-06-29 16:02:05.213,186.17,100.0
2018-06-29 16:02:05.220,186.17,100.0
2018-06-29 16:02:05.692,186.167,3.0
2018-06-29 16:02:07.410,,100.0
2018-06-29 16:02:07.411,,100.0
2018-06-29 16:02:07.435,186.168,20.0
2018-06-29 16:02:07.437,186.16,20.0
2018-06-29 16:02:08.593,186.18,100.0
2018-06-29 16:02:08.610,186.17,100.0
2018-06-29 16:02:08.621,186.18,17.0
2018-06-29 16:02:10.004,186.179,100.0
2018-06-29 16:02:10.464,186.18,3.0
2018-06-29 16:02:10.464,186.18,10.0
2018-06-29 16:02:11.215,186.17,73.0
2018-06-29 16:02:11.352,186.18,10.0
2018-06-29 16:02:11.655,186.19,100.0
2018-06-29 16:02:11.655,186.19,200.0
2018-06-29 16:02:11.655,186.19,100.0
2018-06-29 16:02:11.655,186.19,100.0
2018-06-29 16:02:11.655,186.19,200.0
2018-06-29 16:02:11.655,186.19,100.0
2018-06-29 16:02:11.655,186.19,100.0
2018-06-29 16:02:12.227,186.1835,44.0
2018-06-29 16:02:12.614,186.1969,1.0
2018-06-29 16:02:15.137,186.18,19.0
2018-06-29 16:02:15.137,186.18,1.0
2018-06-29 16:02:15.137,186.18,100.0
2018-06-29 16:02:15.137,186.18,100.0
2018-06-29 16:02:15.137,186.18,100.0
2018-06-29 16:02:15.138,186.18,81.0
2018-06-29 16:02:15.139,186.18,200.0
2018-06-29 16:02:15.467,186.17,100.0
2018-06-29 16:02:15.467,186.17,1.0
2018-06-29 16:02:15.954,186.17,51.0
2018-06-29 16:02:16.490,186.1746,5.0
2018-06-29 16:02:16.756,186.1601,1.0
2018-06-29 16:02:17.661,186.1716,297.0
2018-06-29 16:02:18.323,186.17,6.0
2018-06-29 16:02:18.735,186.16,13.0
2018-06-29 16:02:18.905,186.16,37.0
2018-06-29 16:02:21.652,186.17,2.0
2018-06-29 16:02:21.905,186.16,2.0
2018-06-29 16:02:21.907,186.16,28.0
2018-06-29 16:02:21.908,186.1601,2.0
2018-06-29 16:02:21.908,186.1601,28.0
2018-06-29 16:02:22.217,186.16,87.0
2018-06-29 16:02:22.217,186.16,13.0
2018-06-29 16:02:22.217,186.16,87.0
2018-06-29 16:02:22.217,186.16,1.0
2018-06-29 16:02:22.217,186.16,1.0
2018-06-29 16:02:22.217,186.16,100.0
2018-06-29 16:02:22.217,186.16,100.0
2018-06-29 16:02:22.217,186.16,80.0
2018-06-29 16:02:22.218,186.16,100.0
2018-06-29 16:02:22.231,186.16,1.0
2018-06-29 16:02:22.243,186.15,100.0
2018-06-29 16:02:22.900,186.1478,25.0
2018-06-29 16:02:23.211,186.14,100.0
2018-06-29 16:02:23.211,186.14,1.0
2018-06-29 16:02:23.211,186.14,100.0
2018-06-29 16:02:23.211,186.14,100.0
2018-06-29 16:02:24.258,186.15,50.0
2018-06-29 16:02:27.723,186.16,20.0
2018-06-29 16:02:28.287,186.1526,25.0
2018-06-29 16:02:31.121,186.1514,100.0
2018-06-29 16:02:31.947,186.1599,10.0
2018-06-29 16:02:32.779,186.1561,158.0
2018-06-29 16:02:32.886,186.16,100.0
2018-06-29 16:02:32.886,186.16,1.0
2018-06-29 16:02:32.886,186.16,1.0
2018-06-29 16:02:32.886,186.16,3.0
2018-06-29 16:02:32.886,186.16,10.0
2018-06-29 16:02:33.628,186.1639,350.0
2018-06-29 16:02:34.646,186.16,100.0
2018-06-29 16:02:34.652,186.16,68.0
2018-06-29 16:02:34.652,186.1627,300.0
2018-06-29 16:02:34.653,186.16,100.0
2018-06-29 16:02:34.653,186.16,100.0
2018-06-29 16:02:34.653,186.16,32.0
2018-06-29 16:02:34.653,186.16,100.0
2018-06-29 16:02:34.654,186.16,3.0
2018-06-29 16:02:34.654,186.16,97.0
2018-06-29 16:02:34.662,186.16,3.0
2018-06-29 16:02:34.662,186.15,97.0
2018-06-29 16:02:36.595,186.1544,121.0
2018-06-29 16:02:36.828,186.1501,48.0
2018-06-29 16:02:36.883,186.16,100.0
2018-06-29 16:02:36.883,186.16,100.0
2018-06-29 16:02:36.883,186.16,100.0
2018-06-29 16:02:36.883,186.16,1.0
2018-06-29 16:02:37.598,186.17,6.0
2018-06-29 16:02:40.530,186.16,100.0
2018-06-29 16:02:40.530,186.16,10.0
2018-06-29 16:02:40.530,186.16,1.0
2018-06-29 16:02:40.530,186.16,100.0
2018-06-29 16:02:40.530,186.16,100.0
2018-06-29 16:02:41.549,186.17,100.0
2018-06-29 16:02:41.549,186.17,100.0
2018-06-29 16:02:41.553,186.1675,200.0
2018-06-29 16:02:41.588,186.17,200.0
2018-06-29 16:02:41.588,186.17,100.0
2018-06-29 16:02:41.588,186.17,100.0
2018-06-29 16:02:41.588,186.1684,100.0
2018-06-29 16:02:41.598,186.18,100.0
2018-06-29 16:02:41.599,186.18,200.0
2018-06-29 16:02:41.599,186.18,100.0
2018-06-29 16:02:41.963,186.1734,6.0
2018-06-29 16:02:44.097,186.19,1400.0
2018-06-29 16:02:45.513,186.1757,2000.0
2018-06-29 16:02:46.953,186.18,100.0
2018-06-29 16:02:46.997,186.19,100.0
2018-06-29 16:02:46.997,186.19,140.0
2018-06-29 16:02:49.143,186.185,5.0
2018-06-29 16:02:49.233,186.18,72.0
2018-06-29 16:02:49.233,186.18,28.0
2018-06-29 16:02:49.233,186.18,66.0
2018-06-29 16:02:49.233,186.18,34.0
2018-06-29 16:02:49.233,186.18,1.0
2018-06-29 16:02:49.233,186.18,24.0
2018-06-29 16:02:49.233,186.18,100.0
2018-06-29 16:02:49.233,186.18,28.0
2018-06-29 16:02:49.233,186.18,100.0
2018-06-29 16:02:49.237,186.17,1.0
2018-06-29 16:02:49.237,186.17,1.0
2018-06-29 16:02:49.237,186.17,100.0
2018-06-29 16:02:49.238,186.16,100.0
2018-06-29 16:02:49.238,186.16,100.0
2018-06-29 16:02:49.238,186.16,100.0
2018-06-29 16:02:49.238,186.16,100.0
2018-06-29 16:02:50.999,186.1546,295.0
2018-06-29 16:02:51.402,186.15,3.0
2018-06-29 16:02:51.402,186.15,100.0
2018-06-29 16:02:51.403,186.15,100.0
2018-06-29 16:02:51.678,186.15,15.0
2018-06-29 16:02:52.228,186.1493,250.0
2018-06-29 16:02:52.348,186.14,5.0
2018-06-29 16:02:52.350,186.15,80.0
2018-06-29 16:02:52.352,186.16,30.0
2018-06-29 16:02:52.353,186.16,70.0
2018-06-29 16:02:52.353,186.16,30.0
2018-06-29 16:02:52.353,186.15,100.0
2018-06-29 16:02:52.353,186.16,100.0
2018-06-29 16:02:52.354,186.16,10.0
2018-06-29 16:02:52.355,186.16,60.0
2018-06-29 16:02:52.356,186.16,30.0
2018-06-29 16:02:52.356,186.16,85.0
2018-06-29 16:02:52.360,186.16,15.0
2018-06-29 16:02:52.360,186.16,90.0
2018-06-29 16:02:52.363,186.16,55.0
2018-06-29 16:02:52.363,186.16,5.0
2018-06-29 16:02:53.590,186.1669,400.0
2018-06-29 16:02:53.599,186.1669,400.0
2018-06-29 16:02:55.331,186.1584,125.0
2018-06-29 16:02:56.987,186.17,100.0
2018-06-29 16:02:57.034,186.16,10.0
2018-06-29 16:02:57.219,186.1699,20.0
2018-06-29 16:02:57.300,186.1615,10.0
2018-06-29 16:02:58.000,186.17,100.0
2018-06-29 16:02:59.624,186.17,1.0
2018-06-29 16:02:59.806,186.16,100.0
2018-06-29 16:02:59.807,186.16,1.0
2018-06-29 16:02:59.807,186.16,1.0
2018-06-29 16:02:59.807,186.16,1.0
2018-06-29 16:02:59.807,186.16,26.0
2018-06-29 16:02:59.807,186.16,100.0
2018-06-29 16:02:59.807,186.16,200.0
2018-06-29 16:02:59.807,186.16,100.0
2018-06-29 16:02:59.811,186.15,100.0
2018-06-29 16:02:59.902,186.1685,50.0
2018-06-29 16:03:00.181,186.15,200.0
2018-06-29 16:03:00.181,186.15,300.0
2018-06-29 16:03:00.181,186.15,100.0
2018-06-29 16:03:00.181,186.14,100.0
2018-06-29 16:03:00.337,186.14,5.0
2018-06-29 16:03:00.472,186.15,1.0
2018-06-29 16:03:00.987,186.1402,100.0
2018-06-29 16:03:02.091,186.1287,4000.0
2018-06-29 16:03:02.207,186.12,100.0
2018-06-29 16:03:02.776,186.12,13.0
2018-06-29 16:03:02.777,186.12,1.0
2018-06-29 16:03:03.099,186.12,50.0
2018-06-29 16:03:03.502,186.11,4.0
2018-06-29 16:03:03.545,186.12,34.0
2018-06-29 16:03:04.063,186.12,16.0
2018-06-29 16:03:04.086,186.12,17.0
2018-06-29 16:03:04.725,186.1101,2.0
2018-06-29 16:03:05.088,186.12,76.0
2018-06-29 16:03:05.088,186.12,124.0
2018-06-29 16:03:05.092,186.13,4.0
2018-06-29 16:03:05.092,186.13,1.0
2018-06-29 16:03:05.092,186.13,61.0
2018-06-29 16:03:05.092,186.13,39.0
2018-06-29 16:03:05.344,186.1299,161.0
2018-06-29 16:03:05.689,186.13,76.0
2018-06-29 16:03:05.689,186.13,24.0
2018-06-29 16:03:06.013,186.1469,8.0
2018-06-29 16:03:06.395,186.1599,1.0
2018-06-29 16:03:07.802,186.1501,63.0
2018-06-29 16:03:08.182,186.15,100.0
2018-06-29 16:03:08.182,186.15,100.0
2018-06-29 16:03:08.182,186.15,100.0
2018-06-29 16:03:08.182,186.15,100.0
2018-06-29 16:03:08.190,186.14,200.0
2018-06-29 16:03:08.192,186.14,100.0
2018-06-29 16:03:08.193,186.14,400.0
2018-06-29 16:03:09.321,186.14,100.0
2018-06-29 16:03:09.919,186.1393,300.0
2018-06-29 16:03:10.598,186.14,20.0
2018-06-29 16:03:13.724,186.15,5.0
2018-06-29 16:03:13.724,186.15,5.0
2018-06-29 16:03:14.693,186.1527,200.0
2018-06-29 16:03:14.694,186.15,100.0
2018-06-29 16:03:14.695,186.1511,300.0
2018-06-29 16:03:14.695,186.15,100.0
2018-06-29 16:03:14.695,186.15,17.0
2018-06-29 16:03:14.729,186.15,100.0
2018-06-29 16:03:14.738,186.14,100.0
2018-06-29 16:03:14.738,186.14,83.0
2018-06-29 16:03:14.767,186.14,1.0
2018-06-29 16:03:16.813,186.15,1.0
2018-06-29 16:03:16.813,186.15,1.0
2018-06-29 16:03:16.814,186.15,10.0
2018-06-29 16:03:16.820,186.15,4.0
2018-06-29 16:03:16.988,186.16,50.0
2018-06-29 16:03:17.722,186.1525,200.0
2018-06-29 16:03:17.727,186.1527,100.0
2018-06-29 16:03:17.727,186.15,58.0
2018-06-29 16:03:17.728,186.15,100.0
2018-06-29 16:03:17.729,186.1525,400.0
2018-06-29 16:03:17.729,186.1511,100.0
2018-06-29 16:03:17.730,186.15,42.0
2018-06-29 16:03:17.844,186.16,50.0
2018-06-29 16:03:17.844,186.16,10.0
2018-06-29 16:03:17.858,186.17,10.0
2018-06-29 16:03:24.038,186.17,40.0
2018-06-29 16:03:24.038,186.17,60.0
2018-06-29 16:03:24.038,186.17,10.0
2018-06-29 16:03:24.038,186.17,5.0
2018-06-29 16:03:24.104,186.17,100.0
2018-06-29 16:03:24.104,186.18,1.0
2018-06-29 16:03:24.104,186.18,100.0
2018-06-29 16:03:24.105,186.17,100.0
2018-06-29 16:03:24.107,186.18,187.0
2018-06-29 16:03:24.108,186.18,1.0
2018-06-29 16:03:24.125,186.18,100.0
2018-06-29 16:03:24.173,186.18,100.0
2018-06-29 16:03:24.346,186.18,300.0
2018-06-29 16:03:24.346,186.18,1.0
2018-06-29 16:03:24.346,186.18,100.0
2018-06-29 16:03:24.432,186.18,100.0
2018-06-29 16:03:24.433,186.18,100.0
2018-06-29 16:03:24.433,186.19,426.0
2018-06-29 16:03:24.433,186.19,300.0
2018-06-29 16:03:24.433,186.19,19.0
2018-06-29 16:03:24.433,186.2,300.0
2018-06-29 16:03:24.433,186.2,100.0
2018-06-29 16:03:24.433,186.2,100.0
2018-06-29 16:03:24.433,186.19,100.0
2018-06-29 16:03:24.433,186.19,100.0
2018-06-29 16:03:24.433,186.19,300.0
2018-06-29 16:03:24.433,186.19,48.0
2018-06-29 16:03:24.433,186.2,200.0
2018-06-29 16:03:24.433,186.2,300.0
2018-06-29 16:03:24.433,186.2,100.0
2018-06-29 16:03:24.433,186.2,100.0
2018-06-29 16:03:24.433,186.19,100.0
2018-06-29 16:03:24.433,186.19,100.0
2018-06-29 16:03:24.433,186.19,300.0
2018-06-29 16:03:24.433,186.2,100.0
2018-06-29 16:03:24.433,186.2,500.0
2018-06-29 16:03:24.433,186.2,80.0
2018-06-29 16:03:24.433,186.2,100.0
2018-06-29 16:03:24.433,186.19,100.0
2018-06-29 16:03:24.433,186.19,100.0
2018-06-29 16:03:24.433,186.19,100.0
2018-06-29 16:03:24.433,186.19,100.0
2018-06-29 16:03:24.433,186.19,50.0
2018-06-29 16:03:24.433,186.2,100.0
2018-06-29 16:03:24.433,186.19,50.0
2018-06-29 16:03:24.433,186.19,50.0
2018-06-29 16:03:24.433,186.19,748.0
2018-06-29 16:03:24.434,186.2,100.0
2018-06-29 16:03:24.434,186.2,100.0
2018-06-29 16:03:24.434,186.2,100.0
2018-06-29 16:03:24.434,186.2,100.0
2018-06-29 16:03:24.434,186.2,100.0
2018-06-29 16:03:24.434,186.2,100.0
2018-06-29 16:03:24.434,186.2,100.0
2018-06-29 16:03:24.434,186.2,1.0
2018-06-29 16:03:24.434,186.19,400.0
2018-06-29 16:03:24.434,186.19,100.0
2018-06-29 16:03:24.434,186.19,100.0
2018-06-29 16:03:24.434,186.19,100.0
2018-06-29 16:03:24.434,186.19,100.0
2018-06-29 16:03:24.434,186.2,100.0
2018-06-29 16:03:24.434,186.19,100.0
2018-06-29 16:03:24.434,186.19,300.0
2018-06-29 16:03:24.434,186.19,300.0
2018-06-29 16:03:24.434,186.19,100.0
2018-06-29 16:03:24.434,186.2,36.0
2018-06-29 16:03:24.434,186.19,100.0
2018-06-29 16:03:24.435,186.19,100.0
2018-06-29 16:03:24.438,186.19,100.0
2018-06-29 16:03:24.438,186.19,50.0
2018-06-29 16:03:24.438,186.19,22.0
2018-06-29 16:03:24.438,186.2,400.0
2018-06-29 16:03:24.438,186.19,100.0
2018-06-29 16:03:24.438,186.2,64.0
2018-06-29 16:03:24.438,186.19,78.0
2018-06-29 16:03:24.439,186.19,100.0
2018-06-29 16:03:24.440,186.2,200.0
2018-06-29 16:03:24.443,186.2,100.0
2018-06-29 16:03:24.444,186.2,100.0
2018-06-29 16:03:24.444,186.2,50.0
2018-06-29 16:03:24.449,186.2,100.0
2018-06-29 16:03:24.450,186.2,200.0
2018-06-29 16:03:24.453,186.2,100.0
2018-06-29 16:03:24.453,186.2,100.0
2018-06-29 16:03:24.453,186.2,100.0
2018-06-29 16:03:24.453,186.2,100.0
2018-06-29 16:03:24.453,186.2,2.0
2018-06-29 16:03:24.798,186.21,56.0
2018-06-29 16:03:24.800,186.2084,100.0
2018-06-29 16:03:24.802,186.2073,44.0
2018-06-29 16:03:24.980,186.2,100.0
2018-06-29 16:03:25.101,186.21,100.0
2018-06-29 16:03:25.222,186.2,100.0
2018-06-29 16:03:25.222,186.2,200.0
2018-06-29 16:03:25.222,186.2,100.0
2018-06-29 16:03:25.222,186.2,200.0
2018-06-29 16:03:25.222,186.2,100.0
2018-06-29 16:03:25.222,186.2011,500.0
2018-06-29 16:03:25.223,186.2,100.0
2018-06-29 16:03:25.223,186.2,100.0
2018-06-29 16:03:25.229,186.2,100.0
2018-06-29 16:03:25.488,186.2,500.0
2018-06-29 16:03:25.488,186.2,100.0
2018-06-29 16:03:25.488,186.2,100.0
2018-06-29 16:03:25.488,186.2,100.0
2018-06-29 16:03:25.488,186.2,200.0
2018-06-29 16:03:25.488,186.2,450.0
2018-06-29 16:03:25.488,186.2,300.0
2018-06-29 16:03:25.489,186.2,100.0
2018-06-29 16:03:25.489,186.2,813.0
2018-06-29 16:03:25.588,186.19,100.0
2018-06-29 16:03:25.588,186.19,10.0
2018-06-29 16:03:25.588,186.19,100.0
2018-06-29 16:03:27.401,186.18,1.0
2018-06-29 16:03:27.401,186.18,1.0
2018-06-29 16:03:27.401,186.18,135.0
2018-06-29 16:03:27.401,186.18,63.0
2018-06-29 16:03:27.401,186.18,100.0
2018-06-29 16:03:27.401,186.18,12.0
2018-06-29 16:03:27.401,186.18,88.0
2018-06-29 16:03:27.401,186.18,117.0
2018-06-29 16:03:27.401,186.18,100.0
2018-06-29 16:03:27.403,186.17,100.0
2018-06-29 16:03:27.569,186.18,50.0
2018-06-29 16:03:28.281,186.17,1.0
2018-06-29 16:03:29.413,186.18,10.0
2018-06-29 16:03:29.413,186.18,100.0
2018-06-29 16:03:29.990,186.18,50.0
2018-06-29 16:03:31.195,186.19,100.0
2018-06-29 16:03:31.195,186.18,27.0
2018-06-29 16:03:31.195,186.18,10.0
2018-06-29 16:03:35.539,186.17,5.0
2018-06-29 16:03:36.879,186.1802,100.0
2018-06-29 16:03:37.624,186.1701,3.0
2018-06-29 16:03:38.695,186.1748,430.0
2018-06-29 16:03:39.894,186.1875,100.0
2018-06-29 16:03:39.895,186.1869,400.0
2018-06-29 16:03:39.899,186.1869,500.0
2018-06-29 16:03:40.097,186.18,1.0
2018-06-29 16:03:40.097,186.18,10.0
2018-06-29 16:03:40.535,186.1822,1.0
2018-06-29 16:03:42.884,186.19,57.0
2018-06-29 16:03:42.884,186.19,43.0
2018-06-29 16:03:42.884,186.19,10.0
2018-06-29 16:03:42.884,186.19,47.0
2018-06-29 16:03:42.884,186.19,53.0
2018-06-29 16:03:47.149,186.2,10.0
2018-06-29 16:03:47.149,186.2,26.0
2018-06-29 16:03:47.149,186.21,700.0
2018-06-29 16:03:47.151,186.21,100.0
2018-06-29 16:03:47.151,186.21,4.0
2018-06-29 16:03:47.997,186.2,100.0
2018-06-29 16:03:48.007,186.2,100.0
2018-06-29 16:03:48.007,186.2011,300.0
2018-06-29 16:03:48.008,186.2,500.0
2018-06-29 16:03:49.823,186.1906,16.0
2018-06-29 16:03:51.000,186.2,1.0
2018-06-29 16:03:52.795,186.1944,1.0
2018-06-29 16:03:53.043,186.2,20.0
2018-06-29 16:03:54.915,186.1931,3.0
2018-06-29 16:03:56.104,186.19,1.0
2018-06-29 16:03:56.104,186.19,1.0
2018-06-29 16:03:56.104,186.19,1.0
2018-06-29 16:03:56.104,186.19,1.0
2018-06-29 16:03:56.104,186.19,1.0
2018-06-29 16:03:56.104,186.19,1.0
2018-06-29 16:03:56.104,186.19,11.0
2018-06-29 16:03:56.104,186.19,100.0
2018-06-29 16:03:56.108,186.18,100.0
2018-06-29 16:03:56.108,186.18,100.0
2018-06-29 16:03:56.803,186.18,80.0
2018-06-29 16:03:56.805,186.1895,80.0
2018-06-29 16:03:56.823,186.1895,20.0
2018-06-29 16:03:56.823,186.18,20.0
2018-06-29 16:03:57.510,,100.0
2018-06-29 16:03:57.969,186.1792,300.0
2018-06-29 16:04:00.870,186.18,100.0
2018-06-29 16:04:00.870,186.18,100.0
2018-06-29 16:04:00.870,186.18,1.0
2018-06-29 16:04:00.870,186.18,100.0
2018-06-29 16:04:00.870,186.18,100.0
2018-06-29 16:04:00.870,186.18,100.0
2018-06-29 16:04:00.870,186.18,100.0
2018-06-29 16:04:00.871,186.18,100.0
2018-06-29 16:04:00.909,186.17,195.0
2018-06-29 16:04:00.909,186.17,5.0
2018-06-29 16:04:00.909,186.17,100.0
2018-06-29 16:04:00.909,186.17,200.0
2018-06-29 16:04:01.221,186.18,10.0
2018-06-29 16:04:01.221,186.18,26.0
2018-06-29 16:04:04.029,186.17,8.0
2018-06-29 16:04:06.597,186.17,92.0
2018-06-29 16:04:06.598,186.18,70.0
2018-06-29 16:04:06.607,186.177,92.0
2018-06-29 16:04:08.600,186.18,1.0
2018-06-29 16:04:08.995,186.18,100.0
2018-06-29 16:04:09.258,186.1783,30.0
2018-06-29 16:04:10.193,186.18,100.0
2018-06-29 16:04:10.203,186.19,4.0
2018-06-29 16:04:10.203,186.19,1.0
2018-06-29 16:04:12.098,186.18,1.0
2018-06-29 16:04:12.109,186.18,100.0
2018-06-29 16:04:13.597,186.19,42.0
2018-06-29 16:04:13.689,186.17,1.0
2018-06-29 16:04:13.689,186.17,100.0
2018-06-29 16:04:13.689,186.17,1.0
2018-06-29 16:04:13.689,186.17,100.0
2018-06-29 16:04:13.689,186.17,100.0
2018-06-29 16:04:13.690,186.18,30.0
2018-06-29 16:04:13.696,186.17,28.0
2018-06-29 16:04:13.701,186.17,12.0
2018-06-29 16:04:13.701,186.17,28.0
2018-06-29 16:04:13.724,186.17,2.0
2018-06-29 16:04:13.733,186.17,5.0
2018-06-29 16:04:14.178,186.17,10.0
2018-06-29 16:04:14.424,186.17,10.0
2018-06-29 16:04:14.424,186.17,26.0
2018-06-29 16:04:14.431,186.18,100.0
2018-06-29 16:04:14.431,186.18,90.0
2018-06-29 16:04:19.806,186.17,64.0
2018-06-29 16:04:19.806,186.17,100.0
2018-06-29 16:04:19.806,186.17,1.0
2018-06-29 16:04:19.806,186.17,100.0
2018-06-29 16:04:19.806,186.17,1.0
2018-06-29 16:04:19.806,186.17,100.0
2018-06-29 16:04:19.807,186.17,1.0
2018-06-29 16:04:19.807,186.17,89.0
2018-06-29 16:04:19.807,186.17,90.0
2018-06-29 16:04:19.807,186.17,100.0
2018-06-29 16:04:19.809,186.1701,100.0
2018-06-29 16:04:19.809,186.1701,64.0
2018-06-29 16:04:19.810,186.1701,100.0
2018-06-29 16:04:19.810,186.1701,1.0
2018-06-29 16:04:19.810,186.1701,100.0
2018-06-29 16:04:19.811,186.1701,100.0
2018-06-29 16:04:19.811,186.1701,1.0
2018-06-29 16:04:19.811,186.1701,1.0
2018-06-29 16:04:20.538,186.1675,100.0
2018-06-29 16:04:20.547,186.1673,100.0
2018-06-29 16:04:20.547,186.17,68.0
2018-06-29 16:04:20.548,186.1675,500.0
2018-06-29 16:04:20.548,186.1689,100.0
2018-06-29 16:04:20.548,186.17,100.0
2018-06-29 16:04:20.548,186.17,10.0
2018-06-29 16:04:20.548,186.17,22.0
2018-06-29 16:04:21.071,186.17,21.0
2018-06-29 16:04:21.093,186.1799,1.0
2018-06-29 16:04:23.802,186.17,78.0
2018-06-29 16:04:23.802,186.17,3.0
2018-06-29 16:04:23.802,186.17,10.0
2018-06-29 16:04:23.808,186.18,9.0
2018-06-29 16:04:23.808,186.18,200.0
2018-06-29 16:04:24.639,186.17,100.0
2018-06-29 16:04:24.727,186.16,3.0
2018-06-29 16:04:25.517,186.1646,182.0
2018-06-29 16:04:27.890,186.1626,9.0
2018-06-29 16:04:28.801,186.17,100.0
2018-06-29 16:04:28.801,186.17,100.0
2018-06-29 16:04:32.803,186.17,100.0
2018-06-29 16:04:34.893,186.1601,1.0
2018-06-29 16:04:35.801,186.17,10.0
2018-06-29 16:04:35.801,186.17,89.0
2018-06-29 16:04:35.801,186.17,2.0
2018-06-29 16:04:35.801,186.17,100.0
2018-06-29 16:04:35.801,186.17,1.0
2018-06-29 16:04:35.807,186.17,9.0
2018-06-29 16:04:35.900,186.18,4.0
2018-06-29 16:04:36.127,186.18,1.0
2018-06-29 16:04:36.127,186.18,10.0
2018-06-29 16:04:36.127,186.18,26.0
2018-06-29 16:04:36.136,186.19,63.0
2018-06-29 16:04:36.409,186.1823,100.0
2018-06-29 16:04:37.023,186.19,27.0
2018-06-29 16:04:37.616,186.19,100.0
2018-06-29 16:04:38.130,186.19,10.0
2018-06-29 16:04:38.802,186.19,10.0
2018-06-29 16:04:38.802,186.19,73.0
2018-06-29 16:04:38.804,186.2,17.0
2018-06-29 16:04:40.906,186.19,100.0
2018-06-29 16:04:40.936,186.1811,9.0
2018-06-29 16:04:41.151,186.19,100.0
2018-06-29 16:04:41.938,186.1852,5.0
2018-06-29 16:04:42.017,186.1975,100.0
2018-06-29 16:04:42.018,186.1969,200.0
2018-06-29 16:04:42.020,186.1969,100.0
2018-06-29 16:04:42.022,186.2,100.0
2018-06-29 16:04:42.022,186.19,10.0
2018-06-29 16:04:42.022,186.19,26.0
2018-06-29 16:04:42.022,186.1969,300.0
2018-06-29 16:04:42.022,186.1975,200.0
2018-06-29 16:04:42.141,186.1893,1000.0
2018-06-29 16:04:42.801,186.2,1.0
2018-06-29 16:04:42.801,186.2,1.0
2018-06-29 16:04:42.801,186.2,98.0
2018-06-29 16:04:42.802,186.2,2.0
2018-06-29 16:04:42.802,186.2,100.0
2018-06-29 16:04:42.829,186.2,50.0
2018-06-29 16:04:43.362,186.1969,50.0
2018-06-29 16:04:43.669,186.19,1.0
2018-06-29 16:04:43.669,186.19,199.0
2018-06-29 16:04:43.669,186.19,1.0
2018-06-29 16:04:43.669,186.19,100.0
2018-06-29 16:04:43.669,186.19,100.0
2018-06-29 16:04:43.670,186.19,100.0
2018-06-29 16:04:43.670,186.19,300.0
2018-06-29 16:04:43.670,186.195,100.0
2018-06-29 16:04:43.670,186.19,100.0
2018-06-29 16:04:43.670,186.19,100.0
2018-06-29 16:04:43.670,186.19,400.0
2018-06-29 16:04:43.670,186.19,800.0
2018-06-29 16:04:43.670,186.19,200.0
2018-06-29 16:04:43.671,186.18,96.0
2018-06-29 16:04:43.700,186.18,300.0
2018-06-29 16:04:43.700,186.18,1.0
2018-06-29 16:04:43.700,186.18,4.0
2018-06-29 16:04:43.700,186.18,2.0
2018-06-29 16:04:43.700,186.18,100.0
2018-06-29 16:04:43.806,186.18,100.0
2018-06-29 16:04:43.806,186.18,100.0
2018-06-29 16:04:43.806,186.18,100.0
2018-06-29 16:04:43.806,186.18,100.0
2018-06-29 16:04:43.806,186.18,100.0
2018-06-29 16:04:43.806,186.18,100.0
2018-06-29 16:04:43.806,186.18,100.0
2018-06-29 16:04:43.806,186.18,200.0
2018-06-29 16:04:43.806,186.18,100.0
2018-06-29 16:04:43.806,186.18,100.0
2018-06-29 16:04:43.889,186.17,100.0
2018-06-29 16:04:43.891,186.1764,100.0
2018-06-29 16:04:43.892,186.1765,170.0
2018-06-29 16:04:44.310,186.18,27.0
2018-06-29 16:04:45.014,186.1775,100.0
2018-06-29 16:04:45.015,186.1769,400.0
2018-06-29 16:04:45.019,186.1769,500.0
2018-06-29 16:04:45.172,186.17,3.0
2018-06-29 16:04:45.373,186.175,36.0
2018-06-29 16:04:45.705,186.175,100.0
2018-06-29 16:04:45.705,186.17,100.0
2018-06-29 16:04:45.802,186.17,100.0
2018-06-29 16:04:45.802,186.17,100.0
2018-06-29 16:04:45.802,186.17,100.0
2018-06-29 16:04:46.410,186.1769,400.0
2018-06-29 16:04:46.416,186.1769,600.0
2018-06-29 16:04:46.803,186.18,100.0
2018-06-29 16:04:46.803,186.18,100.0
2018-06-29 16:04:46.805,186.18,10.0
2018-06-29 16:04:46.805,186.18,26.0
2018-06-29 16:04:47.401,186.1804,1.0
2018-06-29 16:04:47.802,186.19,26.0
2018-06-29 16:04:47.802,186.2,74.0
2018-06-29 16:04:47.803,186.2,100.0
2018-06-29 16:04:47.803,186.2,300.0
2018-06-29 16:04:47.803,186.2,100.0
2018-06-29 16:04:47.803,186.2,100.0
2018-06-29 16:04:47.872,186.19,100.0
2018-06-29 16:04:47.875,186.19,100.0
2018-06-29 16:04:48.142,186.18,1.0
2018-06-29 16:04:48.142,186.18,24.0
2018-06-29 16:04:48.143,186.18,100.0
2018-06-29 16:04:48.980,186.19,100.0
2018-06-29 16:04:48.980,186.19,200.0
2018-06-29 16:04:48.980,186.19,100.0
2018-06-29 16:04:48.980,186.19,100.0
2018-06-29 16:04:48.987,186.19,100.0
2018-06-29 16:04:48.987,186.19,17.0
2018-06-29 16:04:50.935,186.1975,100.0
2018-06-29 16:04:50.943,186.1975,800.0
2018-06-29 16:04:50.943,186.1985,100.0
2018-06-29 16:04:50.954,186.2,26.0
2018-06-29 16:04:50.954,186.2,10.0
2018-06-29 16:04:50.954,186.2,100.0
2018-06-29 16:04:51.802,186.21,100.0
2018-06-29 16:04:51.802,186.21,10.0
2018-06-29 16:04:51.802,186.21,190.0
2018-06-29 16:04:51.804,186.21,100.0
2018-06-29 16:04:51.804,186.21,200.0
2018-06-29 16:04:51.807,186.21,100.0
2018-06-29 16:04:51.807,186.21,100.0
2018-06-29 16:04:51.810,186.21,100.0
2018-06-29 16:04:51.811,186.21,385.0
2018-06-29 16:04:51.986,186.2,100.0
2018-06-29 16:04:51.986,186.2,100.0
2018-06-29 16:04:51.986,186.2,10.0
2018-06-29 16:04:51.987,186.2,100.0
2018-06-29 16:04:52.370,186.18,100.0
2018-06-29 16:04:52.370,186.18,100.0
2018-06-29 16:04:52.378,186.18,1.0
2018-06-29 16:04:52.378,186.18,1.0
2018-06-29 16:04:52.378,186.18,200.0
2018-06-29 16:04:52.417,186.17,200.0
2018-06-29 16:04:52.419,186.17,100.0
2018-06-29 16:04:52.419,186.17,100.0
2018-06-29 16:04:52.419,186.17,98.0
2018-06-29 16:04:52.419,186.17,300.0
2018-06-29 16:04:52.419,186.17,100.0
2018-06-29 16:04:52.419,186.17,98.0
2018-06-29 16:04:52.670,186.1818,500.0
2018-06-29 16:04:52.801,186.19,100.0
2018-06-29 16:04:52.801,186.19,100.0
2018-06-29 16:04:52.801,186.19,100.0
2018-06-29 16:04:52.802,186.19,100.0
2018-06-29 16:04:52.802,186.19,100.0
2018-06-29 16:04:52.802,186.19,300.0
2018-06-29 16:04:52.802,186.19,100.0
2018-06-29 16:04:52.802,186.19,100.0
2018-06-29 16:04:52.802,186.19,10.0
2018-06-29 16:04:53.132,186.1917,21.0
2018-06-29 16:04:54.969,186.1801,5.0
2018-06-29 16:04:56.803,186.2,100.0
2018-06-29 16:04:56.803,186.2,100.0
2018-06-29 16:04:56.803,186.2,100.0
2018-06-29 16:04:56.805,186.21,15.0
2018-06-29 16:04:59.803,186.2,100.0
2018-06-29 16:05:01.982,186.2,10.0
2018-06-29 16:05:01.990,186.2,100.0
2018-06-29 16:05:02.893,186.2,10.0
2018-06-29 16:05:04.801,186.21,100.0
2018-06-29 16:05:04.802,186.21,100.0
2018-06-29 16:05:04.802,186.21,100.0
2018-06-29 16:05:05.732,186.2,100.0
2018-06-29 16:05:05.732,186.2,95.0
2018-06-29 16:05:05.732,186.2,5.0
2018-06-29 16:05:05.740,186.19,3.0
2018-06-29 16:05:05.740,186.19,47.0
2018-06-29 16:05:05.740,186.19,153.0
2018-06-29 16:05:05.740,186.19,1.0
2018-06-29 16:05:05.740,186.19,100.0
2018-06-29 16:05:05.740,186.19,1.0
2018-06-29 16:05:05.740,186.19,100.0
2018-06-29 16:05:05.740,186.19,100.0
2018-06-29 16:05:05.740,186.19,100.0
2018-06-29 16:05:05.758,186.19,66.0
2018-06-29 16:05:05.782,186.19,34.0
2018-06-29 16:05:05.954,186.18,100.0
2018-06-29 16:05:05.962,186.18,100.0
2018-06-29 16:05:06.629,186.1869,100.0
2018-06-29 16:05:06.630,186.1875,100.0
2018-06-29 16:05:06.635,186.1869,800.0
2018-06-29 16:05:07.214,186.1771,3.0
2018-06-29 16:05:07.766,186.17,40.0
2018-06-29 16:05:07.803,186.19,4.0
2018-06-29 16:05:07.803,186.19,96.0
2018-06-29 16:05:08.597,186.185,10.0
2018-06-29 16:05:08.773,186.19,63.0
2018-06-29 16:05:08.951,186.19,37.0
2018-06-29 16:05:09.293,186.19,16.0
2018-06-29 16:05:09.295,186.1899,16.0
2018-06-29 16:05:09.296,186.18,34.0
2018-06-29 16:05:10.438,186.19,37.0
2018-06-29 16:05:10.438,186.19,10.0
2018-06-29 16:05:10.438,186.19,62.0
2018-06-29 16:05:10.439,186.19,100.0
2018-06-29 16:05:10.439,186.19,38.0
2018-06-29 16:05:10.441,186.195,100.0
2018-06-29 16:05:10.803,186.2,100.0
2018-06-29 16:05:11.495,186.2025,100.0
2018-06-29 16:05:11.501,186.205,100.0
2018-06-29 16:05:11.501,186.2,100.0
2018-06-29 16:05:11.501,186.2,100.0
2018-06-29 16:05:11.502,186.2,200.0
2018-06-29 16:05:11.546,186.19,100.0
2018-06-29 16:05:11.546,186.19,100.0
2018-06-29 16:05:11.547,186.19,100.0
2018-06-29 16:05:11.802,186.19,100.0
2018-06-29 16:05:11.802,186.19,100.0
2018-06-29 16:05:13.398,186.2099,1.0
2018-06-29 16:05:13.701,186.21,1.0
2018-06-29 16:05:16.534,186.21,9.0
2018-06-29 16:05:16.802,186.21,10.0
2018-06-29 16:05:16.803,186.21,1.0
2018-06-29 16:05:16.803,186.21,1.0
2018-06-29 16:05:16.803,186.21,88.0
2018-06-29 16:05:16.804,186.21,12.0
2018-06-29 16:05:16.808,186.215,1.0
2018-06-29 16:05:16.808,186.21,80.0
2018-06-29 16:05:16.817,186.21,100.0
2018-06-29 16:05:16.825,186.21,100.0
2018-06-29 16:05:16.826,186.21,100.0
2018-06-29 16:05:16.826,186.21,90.0
2018-06-29 16:05:16.973,186.21,20.0
2018-06-29 16:05:16.990,186.21,16.0
2018-06-29 16:05:16.990,186.21,2.0
2018-06-29 16:05:17.204,186.22,80.0
2018-06-29 16:05:17.356,186.2138,7.0
2018-06-29 16:05:17.584,186.215,5.0
2018-06-29 16:05:17.804,186.22,100.0
2018-06-29 16:05:18.002,186.22,8.0
2018-06-29 16:05:18.002,186.22,2.0
2018-06-29 16:05:19.836,186.2219,14.0
2018-06-29 16:05:20.074,186.23,1.0
2018-06-29 16:05:20.074,186.23,9.0
2018-06-29 16:05:20.075,186.23,24.0
2018-06-29 16:05:20.075,186.23,200.0
2018-06-29 16:05:20.075,186.23,40.0
2018-06-29 16:05:20.075,186.23,100.0
2018-06-29 16:05:20.803,186.24,150.0
2018-06-29 16:05:20.803,186.24,50.0
2018-06-29 16:05:20.803,186.24,100.0
2018-06-29 16:05:20.803,186.24,100.0
2018-06-29 16:05:20.803,186.24,100.0
2018-06-29 16:05:20.804,186.24,100.0
2018-06-29 16:05:21.107,186.24,10.0
2018-06-29 16:05:21.520,186.2432,7.0
2018-06-29 16:05:24.247,186.23,1.0
2018-06-29 16:05:24.607,186.234,27.0
2018-06-29 16:05:25.410,186.242,12.0
2018-06-29 16:05:25.412,186.25,12.0
2018-06-29 16:05:25.426,186.25,12.0
2018-06-29 16:05:25.802,186.25,99.0
2018-06-29 16:05:25.802,186.25,1.0
2018-06-29 16:05:25.802,186.25,100.0
2018-06-29 16:05:25.802,186.25,100.0
2018-06-29 16:05:25.802,186.25,10.0
2018-06-29 16:05:25.802,186.25,100.0
2018-06-29 16:05:25.802,186.25,1.0
2018-06-29 16:05:25.802,186.25,100.0
2018-06-29 16:05:25.802,186.25,100.0
2018-06-29 16:05:25.802,186.25,100.0
2018-06-29 16:05:25.802,186.25,200.0
2018-06-29 16:05:25.803,186.25,100.0
2018-06-29 16:05:25.804,186.25,38.0
2018-06-29 16:05:25.804,186.25,62.0
2018-06-29 16:05:25.804,186.25,100.0
2018-06-29 16:05:25.804,186.25,100.0
2018-06-29 16:05:25.805,186.25,100.0
2018-06-29 16:05:25.805,186.25,42.0
2018-06-29 16:05:25.805,186.25,100.0
2018-06-29 16:05:25.805,186.25,100.0
2018-06-29 16:05:25.805,186.25,58.0
2018-06-29 16:05:25.950,186.2499,400.0
2018-06-29 16:05:26.350,186.25,10.0
2018-06-29 16:05:26.501,186.26,3.0
2018-06-29 16:05:28.258,186.26,100.0
2018-06-29 16:05:28.616,186.255,50.0
2018-06-29 16:05:28.616,186.2599,50.0
2018-06-29 16:05:28.801,186.26,100.0
2018-06-29 16:05:28.801,186.26,100.0
2018-06-29 16:05:28.804,186.26,100.0
2018-06-29 16:05:28.939,186.2551,805.0
2018-06-29 16:05:28.949,186.2501,75.0
2018-06-29 16:05:29.909,186.255,100.0
2018-06-29 16:05:29.910,186.25,100.0
2018-06-29 16:05:29.910,186.24,100.0
2018-06-29 16:05:29.910,186.24,100.0
2018-06-29 16:05:30.802,186.24,100.0
2018-06-29 16:05:30.802,186.24,100.0
2018-06-29 16:05:30.803,186.24,100.0
2018-06-29 16:05:31.802,186.24,100.0
2018-06-29 16:05:31.803,186.24,100.0
2018-06-29 16:05:31.803,186.24,100.0
2018-06-29 16:05:32.223,186.235,56.0
2018-06-29 16:05:32.224,186.2399,56.0
2018-06-29 16:05:32.305,186.2386,2310.0
2018-06-29 16:05:32.803,186.24,10.0
2018-06-29 16:05:32.807,186.25,100.0
2018-06-29 16:05:32.807,186.25,100.0
2018-06-29 16:05:33.803,186.26,10.0
2018-06-29 16:05:33.803,186.26,10.0
2018-06-29 16:05:33.803,186.26,80.0
2018-06-29 16:05:33.803,186.26,20.0
2018-06-29 16:05:33.945,186.26,100.0
2018-06-29 16:05:33.960,186.2611,200.0
2018-06-29 16:05:33.984,186.26,100.0
2018-06-29 16:05:33.984,186.26,100.0
2018-06-29 16:05:33.984,186.26,6.0
2018-06-29 16:05:33.991,186.25,100.0
2018-06-29 16:05:33.991,186.25,94.0
2018-06-29 16:05:33.992,186.25,1.0
2018-06-29 16:05:33.992,186.25,1.0
2018-06-29 16:05:33.992,186.25,1.0
2018-06-29 16:05:33.992,186.25,197.0
2018-06-29 16:05:33.992,186.25,3.0
2018-06-29 16:05:33.992,186.25,100.0
2018-06-29 16:05:34.803,186.25,100.0
2018-06-29 16:05:34.897,186.2505,20.0
2018-06-29 16:05:35.167,186.25,26.0
2018-06-29 16:05:35.173,186.25,25.0
2018-06-29 16:05:35.179,186.26,49.0
2018-06-29 16:05:35.804,186.26,10.0
2018-06-29 16:05:35.808,186.27,100.0
2018-06-29 16:05:35.808,186.27,100.0
2018-06-29 16:05:35.808,186.27,50.0
2018-06-29 16:05:35.808,186.27,100.0
2018-06-29 16:05:35.808,186.27,200.0
2018-06-29 16:05:35.808,186.27,100.0
2018-06-29 16:05:35.808,186.27,200.0
2018-06-29 16:05:35.808,186.27,100.0
2018-06-29 16:05:35.808,186.27,100.0
2018-06-29 16:05:35.808,186.27,100.0
2018-06-29 16:05:36.003,186.27,26.0
2018-06-29 16:05:36.177,186.26,100.0
2018-06-29 16:05:36.182,186.26,74.0
2018-06-29 16:05:36.182,186.25,100.0
2018-06-29 16:05:36.186,186.25,100.0
2018-06-29 16:05:36.186,186.25,200.0
2018-06-29 16:05:36.186,186.25,1.0
2018-06-29 16:05:36.802,186.25,400.0
2018-06-29 16:05:36.830,186.25,1.0
2018-06-29 16:05:37.297,186.2454,247.0
2018-06-29 16:05:37.474,186.25,74.0
2018-06-29 16:05:39.417,186.25,64.0
2018-06-29 16:05:39.421,186.25,36.0
2018-06-29 16:05:39.421,186.25,62.0
2018-06-29 16:05:39.421,186.25,10.0
2018-06-29 16:05:39.421,186.25,1.0
2018-06-29 16:05:39.424,186.255,100.0
2018-06-29 16:05:39.801,186.26,200.0
2018-06-29 16:05:39.802,186.26,100.0
2018-06-29 16:05:39.802,186.26,200.0
2018-06-29 16:05:39.802,186.26,100.0
2018-06-29 16:05:40.003,186.26,10.0
2018-06-29 16:05:40.003,186.26,4.0
2018-06-29 16:05:40.005,186.27,16.0
2018-06-29 16:05:40.008,186.27,2.0
2018-06-29 16:05:40.137,186.2768,9.0
2018-06-29 16:05:40.181,186.27,38.0
2018-06-29 16:05:40.195,186.27,31.0
2018-06-29 16:05:40.260,186.27,16.0
2018-06-29 16:05:40.571,186.2564,50.0
2018-06-29 16:05:41.053,186.27,10.0
2018-06-29 16:05:41.053,186.27,100.0
2018-06-29 16:05:41.799,186.2625,100.0
2018-06-29 16:05:41.802,186.26,100.0
2018-06-29 16:05:41.806,186.2625,400.0
2018-06-29 16:05:41.806,186.26,100.0
2018-06-29 16:05:41.807,186.26,100.0
2018-06-29 16:05:41.807,186.26,20.0
2018-06-29 16:05:41.844,186.25,2.0
2018-06-29 16:05:41.844,186.25,198.0
2018-06-29 16:05:42.368,186.26,36.0
2018-06-29 16:05:42.804,186.25,100.0
2018-06-29 16:05:42.804,186.25,100.0
2018-06-29 16:05:42.804,186.25,100.0
2018-06-29 16:05:43.206,186.2599,8.0
2018-06-29 16:05:43.680,186.25,68.0
2018-06-29 16:05:43.684,186.25,32.0
2018-06-29 16:05:45.803,186.25,68.0
2018-06-29 16:05:45.803,186.25,10.0
2018-06-29 16:05:45.805,186.26,22.0
2018-06-29 16:05:45.808,186.26,78.0
2018-06-29 16:05:45.809,186.26,1.0
2018-06-29 16:05:45.809,186.26,21.0
2018-06-29 16:05:46.741,186.26,10.0
2018-06-29 16:05:46.747,186.27,26.0
2018-06-29 16:05:46.747,186.27,64.0
2018-06-29 16:05:47.030,186.26,99.0
2018-06-29 16:05:47.369,186.2626,18.0
2018-06-29 16:05:48.803,186.27,10.0
2018-06-29 16:05:48.804,186.28,90.0
2018-06-29 16:05:48.864,186.275,10.0
2018-06-29 16:05:49.081,186.28,9.0
2018-06-29 16:05:49.084,186.2799,9.0
2018-06-29 16:05:49.748,186.27,100.0
2018-06-29 16:05:49.839,186.2625,100.0
2018-06-29 16:05:49.840,186.2631,400.0
2018-06-29 16:05:49.845,186.2631,500.0
2018-06-29 16:05:50.282,186.26,14.0
2018-06-29 16:05:52.801,186.28,10.0
2018-06-29 16:05:52.801,186.28,100.0
2018-06-29 16:05:52.801,186.28,100.0
2018-06-29 16:05:52.801,186.28,900.0
2018-06-29 16:05:52.801,186.28,25.0
2018-06-29 16:05:52.801,186.28,100.0
2018-06-29 16:05:52.819,186.29,100.0
2018-06-29 16:05:52.859,186.29,100.0
2018-06-29 16:05:52.860,186.29,100.0
2018-06-29 16:05:52.866,186.29,40.0
2018-06-29 16:05:52.866,186.29,260.0
2018-06-29 16:05:52.866,186.29,10.0
2018-06-29 16:05:52.866,186.29,100.0
2018-06-29 16:05:52.866,186.29,100.0
2018-06-29 16:05:52.866,186.29,111.0
2018-06-29 16:05:52.867,186.29,100.0
2018-06-29 16:05:52.867,186.29,100.0
2018-06-29 16:05:52.867,186.29,100.0
2018-06-29 16:05:52.867,186.29,100.0
2018-06-29 16:05:53.142,186.28,100.0
2018-06-29 16:05:53.803,186.29,10.0
2018-06-29 16:05:53.803,186.29,90.0
2018-06-29 16:05:53.803,186.29,100.0
2018-06-29 16:05:53.803,186.29,100.0
2018-06-29 16:05:54.667,186.29,100.0
2018-06-29 16:05:54.672,186.2846,600.0
2018-06-29 16:05:54.803,186.29,100.0
2018-06-29 16:05:55.802,186.29,100.0
2018-06-29 16:05:55.803,186.29,100.0
2018-06-29 16:05:55.803,186.29,100.0
2018-06-29 16:05:55.805,186.29,100.0
2018-06-29 16:05:55.805,186.29,46.0
2018-06-29 16:05:56.805,186.29,54.0
2018-06-29 16:05:56.805,186.29,46.0
2018-06-29 16:05:57.803,186.29,100.0
2018-06-29 16:05:58.188,186.29,100.0
2018-06-29 16:05:58.804,186.29,100.0
2018-06-29 16:05:58.849,186.29,1.0
2018-06-29 16:05:59.000,186.2899,16.0
2018-06-29 16:06:00.606,186.2815,200.0
2018-06-29 16:06:00.805,186.29,99.0
2018-06-29 16:06:00.805,186.29,1.0
2018-06-29 16:06:02.929,186.29,100.0
2018-06-29 16:06:02.929,186.29,10.0
2018-06-29 16:06:02.929,186.29,3.0
2018-06-29 16:06:02.929,186.29,100.0
2018-06-29 16:06:03.803,186.29,100.0
2018-06-29 16:06:03.803,186.29,4.0
2018-06-29 16:06:04.032,186.29,9.0
2018-06-29 16:06:04.032,186.29,91.0
2018-06-29 16:06:05.231,186.28,100.0
2018-06-29 16:06:05.248,186.28,21.0
2018-06-29 16:06:05.248,186.28,100.0
2018-06-29 16:06:05.249,186.28,100.0
2018-06-29 16:06:05.249,186.28,100.0
2018-06-29 16:06:05.309,186.2867,50.0
2018-06-29 16:06:05.365,186.28,279.0
2018-06-29 16:06:05.603,186.2877,25.0
2018-06-29 16:06:05.747,186.289,600.0
2018-06-29 16:06:05.755,186.281,300.0
2018-06-29 16:06:05.756,186.2899,300.0
2018-06-29 16:06:05.756,186.281,1100.0
2018-06-29 16:06:05.802,186.29,100.0
2018-06-29 16:06:05.802,186.29,10.0
2018-06-29 16:06:05.802,186.29,100.0
2018-06-29 16:06:05.802,186.29,100.0
2018-06-29 16:06:05.802,186.29,90.0
2018-06-29 16:06:05.802,186.29,10.0
2018-06-29 16:06:05.803,186.29,100.0
2018-06-29 16:06:05.803,186.29,9.0
2018-06-29 16:06:05.803,186.29,91.0
2018-06-29 16:06:05.805,186.29,100.0
2018-06-29 16:06:05.806,186.29,100.0
2018-06-29 16:06:05.806,186.29,100.0
2018-06-29 16:06:05.994,186.29,100.0
2018-06-29 16:06:06.038,186.28,50.0
2018-06-29 16:06:06.146,186.29,100.0
2018-06-29 16:06:06.644,186.29,100.0
2018-06-29 16:06:06.644,186.29,242.0
2018-06-29 16:06:06.652,186.3,100.0
2018-06-29 16:06:06.652,186.3,434.0
2018-06-29 16:06:06.652,186.3,124.0
2018-06-29 16:06:06.653,186.29,40.0
2018-06-29 16:06:06.655,186.3,426.0
2018-06-29 16:06:06.802,186.3,3.0
2018-06-29 16:06:06.802,186.3,1000.0
2018-06-29 16:06:06.802,186.3,10.0
2018-06-29 16:06:06.802,186.3,87.0
2018-06-29 16:06:06.802,186.3,13.0
2018-06-29 16:06:06.802,186.3,13.0
2018-06-29 16:06:06.802,186.3,1.0
2018-06-29 16:06:06.802,186.3,100.0
2018-06-29 16:06:06.802,186.3,100.0
2018-06-29 16:06:06.803,186.3,100.0
2018-06-29 16:06:06.803,186.3,100.0
2018-06-29 16:06:06.804,186.3,100.0
2018-06-29 16:06:08.105,186.3,1.0
2018-06-29 16:06:08.539,186.3,10.0
2018-06-29 16:06:09.127,186.2999,10.0
2018-06-29 16:06:09.176,186.294,30.0
2018-06-29 16:06:09.803,186.3,99.0
2018-06-29 16:06:09.803,186.3,10.0
2018-06-29 16:06:09.803,186.3,91.0
2018-06-29 16:06:09.803,186.3,9.0
2018-06-29 16:06:09.803,186.3,5.0
2018-06-29 16:06:09.803,186.3,25.0
2018-06-29 16:06:09.804,186.3,100.0
2018-06-29 16:06:09.807,186.3,100.0
2018-06-29 16:06:09.897,186.2938,46.0
2018-06-29 16:06:10.429,186.3,1.0
2018-06-29 16:06:11.137,186.3,599.0
2018-06-29 16:06:11.137,186.3,66.0
2018-06-29 16:06:11.138,186.3,95.0
2018-06-29 16:06:11.138,186.3,100.0
2018-06-29 16:06:11.138,186.3,10.0
2018-06-29 16:06:11.138,186.3,130.0
2018-06-29 16:06:11.138,186.3,100.0
2018-06-29 16:06:11.139,186.305,100.0
2018-06-29 16:06:11.142,186.3,100.0
2018-06-29 16:06:11.802,186.3,100.0
2018-06-29 16:06:11.802,186.3,100.0
2018-06-29 16:06:11.802,186.3,26.0
2018-06-29 16:06:11.802,186.3,74.0
2018-06-29 16:06:11.802,186.3,100.0
2018-06-29 16:06:12.828,186.29,100.0
2018-06-29 16:06:12.829,186.29,1.0
2018-06-29 16:06:12.829,186.29,100.0
2018-06-29 16:06:12.829,186.29,1.0
2018-06-29 16:06:12.829,186.29,1.0
2018-06-29 16:06:12.829,186.29,1.0
2018-06-29 16:06:12.829,186.29,1.0
2018-06-29 16:06:12.829,186.29,100.0
2018-06-29 16:06:12.829,186.29,200.0
2018-06-29 16:06:12.829,186.29,1.0
2018-06-29 16:06:13.160,186.28,100.0
2018-06-29 16:06:13.160,186.28,200.0
2018-06-29 16:06:13.160,186.28,1.0
2018-06-29 16:06:13.160,186.28,1.0
2018-06-29 16:06:13.160,186.28,100.0
2018-06-29 16:06:13.160,186.28,100.0
2018-06-29 16:06:14.056,186.27,100.0
2018-06-29 16:06:15.976,186.265,100.0
2018-06-29 16:06:15.978,186.26,100.0
2018-06-29 16:06:16.064,186.26,300.0
2018-06-29 16:06:16.494,186.2699,1.0
2018-06-29 16:06:16.802,186.27,100.0
2018-06-29 16:06:16.802,186.27,10.0
2018-06-29 16:06:17.111,186.268,1200.0
2018-06-29 16:06:17.413,186.272,600.0
2018-06-29 16:06:17.415,186.26,12.0
2018-06-29 16:06:17.730,186.27,10.0
2018-06-29 16:06:17.803,186.28,100.0
2018-06-29 16:06:18.804,186.28,10.0
2018-06-29 16:06:18.804,186.28,1.0
2018-06-29 16:06:18.804,186.28,1.0
2018-06-29 16:06:18.804,186.28,1.0
2018-06-29 16:06:18.809,186.29,700.0
2018-06-29 16:06:18.810,186.29,100.0
2018-06-29 16:06:18.810,186.28,100.0
2018-06-29 16:06:18.814,186.29,187.0
2018-06-29 16:06:18.814,186.29,13.0
2018-06-29 16:06:18.956,186.285,5.0
2018-06-29 16:06:20.565,186.29,200.0
2018-06-29 16:06:20.566,186.28,200.0
2018-06-29 16:06:20.567,186.29,68.0
2018-06-29 16:06:20.568,186.29,87.0
2018-06-29 16:06:20.568,186.28,68.0
2018-06-29 16:06:20.568,186.28,87.0
2018-06-29 16:06:20.570,186.29,100.0
2018-06-29 16:06:20.570,186.29,100.0
2018-06-29 16:06:20.571,186.29,100.0
2018-06-29 16:06:20.572,186.29,45.0
2018-06-29 16:06:20.572,186.28,100.0
2018-06-29 16:06:20.573,186.28,100.0
2018-06-29 16:06:20.574,186.28,45.0
2018-06-29 16:06:20.584,186.29,47.0
2018-06-29 16:06:20.950,186.2923,3.0
2018-06-29 16:06:20.986,186.294,8.0
2018-06-29 16:06:21.045,186.2901,35.0
2018-06-29 16:06:21.306,186.29,25.0
2018-06-29 16:06:22.125,186.29,100.0
2018-06-29 16:06:22.125,186.29,34.0
2018-06-29 16:06:22.129,186.29,100.0
2018-06-29 16:06:22.175,186.28,100.0
2018-06-29 16:06:22.175,186.28,100.0
2018-06-29 16:06:22.175,186.28,100.0
2018-06-29 16:06:22.175,186.29,66.0
2018-06-29 16:06:22.175,186.28,1.0
2018-06-29 16:06:22.175,186.28,433.0
2018-06-29 16:06:22.802,186.28,100.0
2018-06-29 16:06:23.802,186.29,100.0
2018-06-29 16:06:23.802,186.29,100.0
2018-06-29 16:06:23.802,186.29,400.0
2018-06-29 16:06:23.802,186.29,200.0
2018-06-29 16:06:23.806,186.29,100.0
2018-06-29 16:06:24.008,186.2878,400.0
2018-06-29 16:06:24.564,186.28,100.0
2018-06-29 16:06:24.564,186.28,100.0
2018-06-29 16:06:24.565,186.28,100.0
2018-06-29 16:06:24.565,186.28,100.0
2018-06-29 16:06:24.608,186.27,200.0
2018-06-29 16:06:24.608,186.27,100.0
2018-06-29 16:06:24.608,186.27,100.0
2018-06-29 16:06:24.608,186.27,100.0
2018-06-29 16:06:26.137,186.27,300.0
2018-06-29 16:06:26.137,186.27,10.0
2018-06-29 16:06:26.686,186.2801,100.0
2018-06-29 16:06:26.804,186.29,100.0
2018-06-29 16:06:26.804,186.29,100.0
2018-06-29 16:06:27.682,186.2889,247.0
2018-06-29 16:06:27.737,186.288,300.0
2018-06-29 16:06:27.737,186.3,68.0
2018-06-29 16:06:27.737,186.2999,300.0
2018-06-29 16:06:27.738,186.288,68.0
2018-06-29 16:06:27.739,186.29,100.0
2018-06-29 16:06:27.739,186.29,100.0
2018-06-29 16:06:27.739,186.29,100.0
2018-06-29 16:06:27.742,186.288,100.0
2018-06-29 16:06:27.742,186.288,100.0
2018-06-29 16:06:27.743,186.288,100.0
2018-06-29 16:06:27.744,186.288,1832.0
2018-06-29 16:06:27.801,186.3,200.0
2018-06-29 16:06:27.801,186.3,200.0
2018-06-29 16:06:27.801,186.3,100.0
2018-06-29 16:06:27.801,186.3,300.0
2018-06-29 16:06:27.801,186.3,100.0
2018-06-29 16:06:27.801,186.3,100.0
2018-06-29 16:06:27.804,186.3,100.0
2018-06-29 16:06:29.747,186.294,30.0
2018-06-29 16:06:30.899,186.2974,1.0
2018-06-29 16:06:30.991,186.3,100.0
2018-06-29 16:06:30.991,186.3,10.0
2018-06-29 16:06:30.991,186.3,90.0
2018-06-29 16:06:30.991,186.3,100.0
2018-06-29 16:06:30.994,186.3,100.0
2018-06-29 16:06:31.549,186.29,2.0
2018-06-29 16:06:31.803,186.3,100.0
2018-06-29 16:06:31.803,186.3,10.0
2018-06-29 16:06:31.803,186.3,100.0
2018-06-29 16:06:31.803,186.3,100.0
2018-06-29 16:06:31.803,186.3,190.0
2018-06-29 16:06:32.021,186.3,100.0
2018-06-29 16:06:32.021,186.3,10.0
2018-06-29 16:06:32.022,186.3,100.0
2018-06-29 16:06:32.022,186.3,10.0
2018-06-29 16:06:32.022,186.3,90.0
2018-06-29 16:06:32.022,186.3,15.0
2018-06-29 16:06:32.022,186.3,100.0
2018-06-29 16:06:32.023,186.3,100.0
2018-06-29 16:06:32.023,186.3,100.0
2018-06-29 16:06:32.024,186.3,100.0
2018-06-29 16:06:32.024,186.3,100.0
2018-06-29 16:06:33.566,186.2999,46.0
2018-06-29 16:06:33.613,186.2936,200.0
2018-06-29 16:06:34.367,186.2901,3.0
2018-06-29 16:06:35.561,186.29,100.0
2018-06-29 16:06:36.804,186.3,100.0
2018-06-29 16:06:36.805,186.3,100.0
2018-06-29 16:06:36.805,186.3,100.0
2018-06-29 16:06:36.809,186.3,10.0
2018-06-29 16:06:36.809,186.3,100.0
2018-06-29 16:06:36.809,186.3,371.0
2018-06-29 16:06:39.697,186.29,100.0
2018-06-29 16:06:39.697,186.29,1.0
2018-06-29 16:06:39.697,186.29,300.0
2018-06-29 16:06:39.697,186.29,100.0
2018-06-29 16:06:39.698,186.29,100.0
2018-06-29 16:06:39.698,186.29,100.0
2018-06-29 16:06:39.698,186.29,100.0
2018-06-29 16:06:39.802,186.29,100.0
2018-06-29 16:06:39.802,186.29,100.0
2018-06-29 16:06:41.070,186.2701,10.0
2018-06-29 16:06:41.075,186.29,100.0
2018-06-29 16:06:41.075,186.29,10.0
2018-06-29 16:06:41.075,186.29,100.0
2018-06-29 16:06:41.075,186.29,100.0
2018-06-29 16:06:41.075,186.29,200.0
2018-06-29 16:06:41.076,186.29,100.0
2018-06-29 16:06:41.076,186.29,100.0
2018-06-29 16:06:41.076,186.29,100.0
2018-06-29 16:06:41.606,186.29,100.0
2018-06-29 16:06:42.622,186.2818,43.0
2018-06-29 16:06:42.656,186.285,200.0
2018-06-29 16:06:42.656,186.285,200.0
2018-06-29 16:06:42.661,186.271,400.0
2018-06-29 16:06:42.665,186.271,300.0
2018-06-29 16:06:42.669,186.271,100.0
2018-06-29 16:06:42.670,186.2701,332.0
2018-06-29 16:06:42.802,186.29,200.0
2018-06-29 16:06:42.802,186.29,100.0
2018-06-29 16:06:42.802,186.29,100.0
2018-06-29 16:06:42.928,186.2999,5.0
2018-06-29 16:06:43.039,186.284,1000.0
2018-06-29 16:06:43.198,186.3,100.0
2018-06-29 16:06:43.198,186.3,100.0
2018-06-29 16:06:43.198,186.3,4.0
2018-06-29 16:06:43.198,186.3,100.0
2018-06-29 16:06:43.198,186.3,10.0
2018-06-29 16:06:43.198,186.3,100.0
2018-06-29 16:06:43.198,186.3,86.0
2018-06-29 16:06:43.198,186.3,200.0
2018-06-29 16:06:43.198,186.3,100.0
2018-06-29 16:06:43.198,186.3,100.0
2018-06-29 16:06:43.199,186.3,900.0
2018-06-29 16:06:43.457,186.299,24.0
2018-06-29 16:06:43.803,186.3,100.0
2018-06-29 16:06:43.803,186.3,100.0
2018-06-29 16:06:43.964,186.2974,15.0
2018-06-29 16:06:44.805,186.3,40.0
2018-06-29 16:06:44.805,186.3,60.0
2018-06-29 16:06:45.950,186.3,40.0
2018-06-29 16:06:45.950,186.3,10.0
2018-06-29 16:06:45.950,186.3,100.0
2018-06-29 16:06:45.951,186.3,100.0
2018-06-29 16:06:45.951,186.3,100.0
2018-06-29 16:06:45.951,186.3,100.0
2018-06-29 16:06:45.952,186.3,100.0
2018-06-29 16:06:46.346,186.3,100.0
2018-06-29 16:06:46.510,186.295,1.0
2018-06-29 16:06:46.802,186.3,10.0
2018-06-29 16:06:46.802,186.3,90.0
2018-06-29 16:06:46.803,186.3,80.0
2018-06-29 16:06:46.985,186.3,1.0
2018-06-29 16:06:47.083,186.3,1000.0
2018-06-29 16:06:47.789,186.3199,21.0
2018-06-29 16:06:47.804,186.31,10.0
2018-06-29 16:06:47.807,186.32,100.0
2018-06-29 16:06:47.807,186.32,100.0
2018-06-29 16:06:47.807,186.32,100.0
2018-06-29 16:06:47.807,186.32,300.0
2018-06-29 16:06:47.807,186.32,90.0
2018-06-29 16:06:47.807,186.32,100.0
2018-06-29 16:06:47.807,186.32,100.0
2018-06-29 16:06:47.807,186.32,200.0
2018-06-29 16:06:47.807,186.32,100.0
2018-06-29 16:06:47.807,186.32,100.0
2018-06-29 16:06:47.807,186.32,100.0
2018-06-29 16:06:47.808,186.32,100.0
2018-06-29 16:06:47.864,186.31,8.0
2018-06-29 16:06:48.876,186.3169,500.0
2018-06-29 16:06:48.882,186.315,500.0
2018-06-29 16:06:50.267,186.3224,430.0
2018-06-29 16:06:50.803,186.32,10.0
2018-06-29 16:06:50.807,186.33,100.0
2018-06-29 16:06:50.807,186.33,90.0
2018-06-29 16:06:50.807,186.33,400.0
2018-06-29 16:06:51.559,186.32,100.0
2018-06-29 16:06:51.559,186.32,100.0
2018-06-29 16:06:51.562,186.32,1.0
2018-06-29 16:06:51.866,186.31,1.0
2018-06-29 16:06:51.866,186.31,1.0
2018-06-29 16:06:51.866,186.31,1.0
2018-06-29 16:06:51.875,186.31,100.0
2018-06-29 16:06:52.477,186.3,1.0
2018-06-29 16:06:53.438,186.3085,500.0
2018-06-29 16:06:53.442,186.305,500.0
2018-06-29 16:06:53.665,186.3,94.0
2018-06-29 16:06:53.665,186.3,6.0
2018-06-29 16:06:53.802,186.31,1.0
2018-06-29 16:06:53.802,186.31,10.0
2018-06-29 16:06:53.802,186.31,89.0
2018-06-29 16:06:55.124,186.3122,6.0
2018-06-29 16:06:55.657,186.32,9.0
2018-06-29 16:06:56.803,186.32,10.0
2018-06-29 16:06:56.803,186.32,90.0
2018-06-29 16:06:57.065,186.31,100.0
2018-06-29 16:06:57.065,186.31,100.0
2018-06-29 16:06:57.065,186.31,200.0
2018-06-29 16:06:57.065,186.31,100.0
2018-06-29 16:06:57.065,186.31,100.0
2018-06-29 16:06:57.065,186.31,100.0
2018-06-29 16:06:57.065,186.31,100.0
2018-06-29 16:06:57.065,186.31,200.0
2018-06-29 16:06:57.114,186.3,1.0
2018-06-29 16:06:57.114,186.3,100.0
2018-06-29 16:06:57.114,186.3,299.0
2018-06-29 16:06:57.114,186.3,1.0
2018-06-29 16:06:58.211,186.31,100.0
2018-06-29 16:06:58.211,186.31,100.0
2018-06-29 16:06:58.306,186.3035,6.0
2018-06-29 16:07:00.314,186.3001,116.0
2018-06-29 16:07:00.804,186.31,100.0
2018-06-29 16:07:00.804,186.31,100.0
2018-06-29 16:07:00.805,186.31,100.0
2018-06-29 16:07:00.805,186.31,100.0
2018-06-29 16:07:00.805,186.31,100.0
2018-06-29 16:07:00.807,186.3,270.0
2018-06-29 16:07:00.823,186.3,50.0
2018-06-29 16:07:01.183,186.3,7.0
2018-06-29 16:07:01.183,186.3,93.0
2018-06-29 16:07:01.183,186.3,1.0
2018-06-29 16:07:01.183,186.3,6.0
2018-06-29 16:07:01.184,186.3,100.0
2018-06-29 16:07:01.308,186.29,100.0
2018-06-29 16:07:02.279,186.285,1000.0
2018-06-29 16:07:03.742,186.29,100.0
2018-06-29 16:07:03.802,186.29,300.0
2018-06-29 16:07:03.899,186.29,25.0
2018-06-29 16:07:03.899,186.29,10.0
2018-06-29 16:07:04.207,186.3,20.0
2018-06-29 16:07:05.010,186.29,100.0
2018-06-29 16:07:05.176,186.3,10.0
2018-06-29 16:07:05.176,186.3,18.0
2018-06-29 16:07:05.178,186.29,10.0
2018-06-29 16:07:05.951,186.295,1.0
2018-06-29 16:07:05.952,186.3,1.0
2018-06-29 16:07:06.726,186.2911,1000.0
2018-06-29 16:07:07.450,186.29,20.0
2018-06-29 16:07:07.667,186.2919,13.0
2018-06-29 16:07:08.802,186.29,300.0
2018-06-29 16:07:08.804,186.29,10.0
2018-06-29 16:07:08.804,186.29,10.0
2018-06-29 16:07:08.809,186.3,100.0
2018-06-29 16:07:08.809,186.3,100.0
2018-06-29 16:07:09.344,186.3,2.0
2018-06-29 16:07:09.407,186.3,5.0
2018-06-29 16:07:09.407,186.3,95.0
2018-06-29 16:07:09.781,186.31,1.0
2018-06-29 16:07:10.188,186.3025,200.0
2018-06-29 16:07:10.192,186.3027,100.0
2018-06-29 16:07:10.193,186.3025,400.0
2018-06-29 16:07:10.193,186.3011,100.0
2018-06-29 16:07:10.193,186.3,100.0
2018-06-29 16:07:10.194,186.3,100.0
2018-06-29 16:07:10.194,186.3,100.0
2018-06-29 16:07:11.788,186.29,100.0
2018-06-29 16:07:11.788,186.29,1.0
2018-06-29 16:07:11.788,186.29,100.0
2018-06-29 16:07:11.793,186.29,49.0
2018-06-29 16:07:12.070,186.29,100.0
2018-06-29 16:07:12.070,186.29,100.0
2018-06-29 16:07:12.071,186.28,100.0
2018-06-29 16:07:12.072,186.28,100.0
2018-06-29 16:07:12.073,186.28,100.0
2018-06-29 16:07:12.073,186.29,100.0
2018-06-29 16:07:12.073,186.28,100.0
2018-06-29 16:07:12.073,186.2899,200.0
2018-06-29 16:07:12.074,186.28,200.0
2018-06-29 16:07:12.074,186.29,100.0
2018-06-29 16:07:12.074,186.28,400.0
2018-06-29 16:07:12.384,186.29,1.0
2018-06-29 16:07:12.803,186.29,2.0
2018-06-29 16:07:12.803,186.29,10.0
2018-06-29 16:07:12.803,186.29,100.0
2018-06-29 16:07:12.803,186.29,4.0
2018-06-29 16:07:12.803,186.29,84.0
2018-06-29 16:07:12.803,186.29,100.0
2018-06-29 16:07:12.803,186.29,100.0
2018-06-29 16:07:12.803,186.29,100.0
2018-06-29 16:07:12.803,186.29,100.0
2018-06-29 16:07:13.526,186.294,2.0
2018-06-29 16:07:14.184,186.3,10.0
2018-06-29 16:07:14.185,186.3,100.0
2018-06-29 16:07:15.093,186.2925,100.0
2018-06-29 16:07:15.094,186.2931,400.0
2018-06-29 16:07:15.098,186.2931,500.0
2018-06-29 16:07:15.803,186.3,25.0
2018-06-29 16:07:15.803,186.31,16.0
2018-06-29 16:07:15.803,186.31,200.0
2018-06-29 16:07:15.803,186.31,100.0
2018-06-29 16:07:15.803,186.31,10.0
2018-06-29 16:07:15.803,186.31,100.0
2018-06-29 16:07:15.803,186.31,75.0
2018-06-29 16:07:15.803,186.31,100.0
2018-06-29 16:07:15.803,186.31,100.0
2018-06-29 16:07:15.803,186.31,100.0
2018-06-29 16:07:15.803,186.31,100.0
2018-06-29 16:07:15.803,186.31,200.0
2018-06-29 16:07:15.803,186.31,100.0
2018-06-29 16:07:15.803,186.31,25.0
2018-06-29 16:07:15.803,186.31,49.0
2018-06-29 16:07:15.803,186.31,100.0
2018-06-29 16:07:15.803,186.31,100.0
2018-06-29 16:07:15.812,186.31,100.0
2018-06-29 16:07:16.173,186.32,100.0
2018-06-29 16:07:16.173,186.32,100.0
2018-06-29 16:07:16.745,186.3248,1.0
2018-06-29 16:07:17.011,186.3125,100.0
2018-06-29 16:07:17.018,186.31,100.0
2018-06-29 16:07:17.018,186.31,100.0
2018-06-29 16:07:17.018,186.31,100.0
2018-06-29 16:07:17.018,186.31,100.0
2018-06-29 16:07:17.018,186.3125,500.0
2018-06-29 16:07:17.306,186.309,10.0
2018-06-29 16:07:19.925,186.29,1.0
2018-06-29 16:07:19.925,186.29,15.0
2018-06-29 16:07:19.925,186.29,85.0
2018-06-29 16:07:19.926,186.29,14.0
2018-06-29 16:07:19.926,186.29,86.0
2018-06-29 16:07:20.802,186.29,100.0
2018-06-29 16:07:20.806,186.3,600.0
2018-06-29 16:07:21.429,186.28,100.0
2018-06-29 16:07:21.429,186.28,2.0
2018-06-29 16:07:21.429,186.28,448.0
2018-06-29 16:07:21.429,186.28,52.0
2018-06-29 16:07:21.429,186.27,100.0
2018-06-29 16:07:21.432,186.28,200.0
2018-06-29 16:07:22.614,186.275,1000.0
2018-06-29 16:07:22.986,186.27,100.0
2018-06-29 16:07:22.986,186.27,100.0
2018-06-29 16:07:22.987,186.27,99.0
2018-06-29 16:07:22.987,186.27,1.0
2018-06-29 16:07:23.116,186.2635,21.0
2018-06-29 16:07:23.423,186.26,100.0
2018-06-29 16:07:23.423,186.26,100.0
2018-06-29 16:07:23.423,186.265,10.0
2018-06-29 16:07:23.423,186.26,90.0
2018-06-29 16:07:23.423,186.26,100.0
2018-06-29 16:07:23.424,186.26,5.0
2018-06-29 16:07:23.424,186.25,100.0
2018-06-29 16:07:23.424,186.25,100.0
2018-06-29 16:07:23.424,186.25,100.0
2018-06-29 16:07:23.424,186.25,100.0
2018-06-29 16:07:23.525,186.26,100.0
2018-06-29 16:07:23.525,186.26,100.0
2018-06-29 16:07:23.525,186.26,22.0
2018-06-29 16:07:23.525,186.26,78.0
2018-06-29 16:07:23.525,186.26,22.0
2018-06-29 16:07:23.526,186.27,100.0
2018-06-29 16:07:23.526,186.27,100.0
2018-06-29 16:07:23.526,186.27,58.0
2018-06-29 16:07:23.526,186.27,160.0
2018-06-29 16:07:23.526,186.27,258.0
2018-06-29 16:07:23.526,186.27,200.0
2018-06-29 16:07:23.526,186.27,182.0
2018-06-29 16:07:23.526,186.27,18.0
2018-06-29 16:07:23.526,186.27,42.0
2018-06-29 16:07:23.526,186.27,58.0
2018-06-29 16:07:23.526,186.27,25.0
2018-06-29 16:07:23.526,186.27,100.0
2018-06-29 16:07:23.526,186.27,100.0
2018-06-29 16:07:23.527,186.27,42.0
2018-06-29 16:07:23.527,186.27,100.0
2018-06-29 16:07:23.528,186.28,100.0
2018-06-29 16:07:23.528,186.28,61.0
2018-06-29 16:07:23.528,186.28,1.0
2018-06-29 16:07:23.528,186.28,1.0
2018-06-29 16:07:23.529,186.28,39.0
2018-06-29 16:07:23.529,186.28,100.0
2018-06-29 16:07:23.529,186.28,10.0
2018-06-29 16:07:23.529,186.28,30.0
2018-06-29 16:07:23.529,186.28,300.0
2018-06-29 16:07:23.530,186.28,100.0
2018-06-29 16:07:23.530,186.28,84.0
2018-06-29 16:07:23.530,186.29,54.0
2018-06-29 16:07:23.530,186.29,18.0
2018-06-29 16:07:23.532,186.29,82.0
2018-06-29 16:07:23.532,186.29,18.0
2018-06-29 16:07:23.533,186.29,10.0
2018-06-29 16:07:23.533,186.28,100.0
2018-06-29 16:07:23.536,186.26,273.0
2018-06-29 16:07:23.539,186.28,100.0
2018-06-29 16:07:23.541,186.29,10.0
2018-06-29 16:07:23.549,186.28,100.0
2018-06-29 16:07:23.558,186.27,20.0
2018-06-29 16:07:23.558,186.27,100.0
2018-06-29 16:07:23.558,186.27,100.0
2018-06-29 16:07:23.558,186.27,100.0
2018-06-29 16:07:23.567,186.26,127.0
2018-06-29 16:07:23.571,186.26,85.0
2018-06-29 16:07:23.587,186.27,100.0
2018-06-29 16:07:23.590,186.27,100.0
2018-06-29 16:07:23.608,186.27,1.0
2018-06-29 16:07:23.628,186.26,97.0
2018-06-29 16:07:23.628,186.26,3.0
2018-06-29 16:07:23.742,186.26,100.0
2018-06-29 16:07:23.742,186.26,100.0
2018-06-29 16:07:23.742,186.26,100.0
2018-06-29 16:07:23.742,186.26,100.0
2018-06-29 16:07:23.742,186.26,220.0
2018-06-29 16:07:23.742,186.26,20.0
2018-06-29 16:07:23.742,186.26,80.0
2018-06-29 16:07:23.801,186.255,100.0
2018-06-29 16:07:23.801,186.25,100.0
2018-06-29 16:07:23.801,186.25,100.0
2018-06-29 16:07:23.802,186.25,200.0
2018-06-29 16:07:23.802,186.26,100.0
2018-06-29 16:07:23.802,186.25,30.0
2018-06-29 16:07:23.802,186.25,153.0
2018-06-29 16:07:23.803,186.25,100.0
2018-06-29 16:07:23.804,186.25,70.0
2018-06-29 16:07:23.804,186.25,30.0
2018-06-29 16:07:23.831,186.26,100.0
2018-06-29 16:07:23.845,186.26,15.0
2018-06-29 16:07:23.949,186.255,115.0
2018-06-29 16:07:23.951,186.253,200.0
2018-06-29 16:07:23.952,186.253,100.0
2018-06-29 16:07:24.446,186.26,100.0
2018-06-29 16:07:24.452,186.27,100.0
2018-06-29 16:07:24.453,186.27,100.0
2018-06-29 16:07:24.453,186.27,10.0
2018-06-29 16:07:24.453,186.27,360.0
2018-06-29 16:07:24.453,186.27,200.0
2018-06-29 16:07:24.453,186.27,130.0
2018-06-29 16:07:24.569,186.2645,60.0
2018-06-29 16:07:24.802,186.27,100.0
2018-06-29 16:07:24.802,186.27,100.0
2018-06-29 16:07:24.802,186.27,100.0
2018-06-29 16:07:24.803,186.27,100.0
2018-06-29 16:07:24.803,186.27,100.0
2018-06-29 16:07:25.244,186.27,66.0
2018-06-29 16:07:25.253,186.28,172.0
2018-06-29 16:07:25.254,186.28,100.0
2018-06-29 16:07:25.254,186.28,28.0
2018-06-29 16:07:25.259,186.28,10.0
2018-06-29 16:07:25.259,186.28,90.0
2018-06-29 16:07:25.260,186.28,28.0
2018-06-29 16:07:25.261,186.28,26.0
2018-06-29 16:07:25.261,186.28,200.0
2018-06-29 16:07:25.261,186.28,100.0
2018-06-29 16:07:25.261,186.28,200.0
2018-06-29 16:07:25.261,186.27,77.0
2018-06-29 16:07:25.261,186.28,74.0
2018-06-29 16:07:25.262,186.28,100.0
2018-06-29 16:07:25.263,186.27,100.0
2018-06-29 16:07:25.803,186.29,100.0
2018-06-29 16:07:25.803,186.29,100.0
2018-06-29 16:07:25.803,186.29,100.0
2018-06-29 16:07:25.803,186.29,100.0
2018-06-29 16:07:25.803,186.29,100.0
2018-06-29 16:07:25.803,186.29,100.0
2018-06-29 16:07:25.803,186.29,100.0
2018-06-29 16:07:25.803,186.28,100.0
2018-06-29 16:07:25.803,186.28,10.0
2018-06-29 16:07:25.803,186.28,100.0
2018-06-29 16:07:25.803,186.28,100.0
2018-06-29 16:07:25.803,186.28,100.0
2018-06-29 16:07:25.803,186.29,17.0
2018-06-29 16:07:25.804,186.28,100.0
2018-06-29 16:07:25.804,186.28,100.0
2018-06-29 16:07:25.805,186.29,100.0
2018-06-29 16:07:25.882,186.28,10.0
2018-06-29 16:07:26.042,186.285,39.0
2018-06-29 16:07:26.247,186.28,100.0
2018-06-29 16:07:26.260,186.28,64.0
2018-06-29 16:07:26.283,186.28,76.0
2018-06-29 16:07:26.803,186.29,10.0
2018-06-29 16:07:26.803,186.29,100.0
2018-06-29 16:07:26.803,186.29,1.0
2018-06-29 16:07:26.851,186.29,12.0
2018-06-29 16:07:26.973,186.2999,201.0
2018-06-29 16:07:27.179,186.295,100.0
2018-06-29 16:07:27.803,186.3,100.0
2018-06-29 16:07:27.803,186.3,10.0
2018-06-29 16:07:28.803,186.31,10.0
2018-06-29 16:07:28.804,186.31,90.0
2018-06-29 16:07:28.804,186.31,100.0
2018-06-29 16:07:28.804,186.31,100.0
2018-06-29 16:07:29.644,186.32,10.0
2018-06-29 16:07:29.803,186.32,100.0
2018-06-29 16:07:29.803,186.32,100.0
2018-06-29 16:07:29.803,186.32,10.0
2018-06-29 16:07:29.803,186.32,90.0
2018-06-29 16:07:29.803,186.32,10.0
2018-06-29 16:07:30.025,186.31,200.0
2018-06-29 16:07:30.028,186.3125,100.0
2018-06-29 16:07:30.032,186.31,100.0
2018-06-29 16:07:30.032,186.31,200.0
2018-06-29 16:07:30.032,186.31,100.0
2018-06-29 16:07:30.032,186.31,100.0
2018-06-29 16:07:30.032,186.31,100.0
2018-06-29 16:07:30.032,186.31,100.0
2018-06-29 16:07:30.033,186.31,100.0
2018-06-29 16:07:30.033,186.31,100.0
2018-06-29 16:07:30.036,186.3125,300.0
2018-06-29 16:07:30.041,186.3,200.0
2018-06-29 16:07:31.539,186.32,10.0
2018-06-29 16:07:31.539,186.33,100.0
2018-06-29 16:07:31.539,186.33,47.0
2018-06-29 16:07:31.539,186.33,100.0
2018-06-29 16:07:31.539,186.33,37.0
2018-06-29 16:07:31.802,186.33,100.0
2018-06-29 16:07:31.882,186.33,24.0
2018-06-29 16:07:32.229,186.33,76.0
2018-06-29 16:07:32.272,186.33,24.0
2018-06-29 16:07:32.542,186.33,1.0
2018-06-29 16:07:32.632,186.33,100.0
2018-06-29 16:07:32.632,186.33,100.0
2018-06-29 16:07:32.704,186.32,200.0
2018-06-29 16:07:32.752,186.32,100.0
2018-06-29 16:07:32.752,186.32,200.0
2018-06-29 16:07:32.752,186.32,100.0
2018-06-29 16:07:33.548,186.31,100.0
2018-06-29 16:07:33.548,186.31,100.0
2018-06-29 16:07:33.548,186.31,1.0
2018-06-29 16:07:33.831,186.303,5.0
2018-06-29 16:07:34.546,186.3045,60.0
2018-06-29 16:07:35.393,186.31,2.0
2018-06-29 16:07:35.896,186.31,100.0
2018-06-29 16:07:35.898,186.31,100.0
2018-06-29 16:07:35.898,186.31,100.0
2018-06-29 16:07:36.803,186.31,10.0
2018-06-29 16:07:36.807,186.32,400.0
2018-06-29 16:07:36.807,186.32,100.0
2018-06-29 16:07:36.807,186.32,100.0
2018-06-29 16:07:36.807,186.32,86.0
2018-06-29 16:07:36.807,186.32,200.0
2018-06-29 16:07:36.808,186.32,100.0
2018-06-29 16:07:36.808,186.32,26.0
2018-06-29 16:07:38.286,186.31,100.0
2018-06-29 16:07:38.286,186.31,1.0
2018-06-29 16:07:38.297,186.3,9.0
2018-06-29 16:07:38.348,186.3,12.0
2018-06-29 16:07:38.399,186.3,9.0
2018-06-29 16:07:39.448,186.3,200.0
2018-06-29 16:07:39.448,186.3,20.0
2018-06-29 16:07:39.448,186.3,9.0
2018-06-29 16:07:39.448,186.3,100.0
2018-06-29 16:07:39.448,186.3,61.0
2018-06-29 16:07:39.531,186.3002,1000.0
2018-06-29 16:07:39.533,186.31,35.0
2018-06-29 16:07:39.534,186.31,65.0
2018-06-29 16:07:39.603,186.3,13.0
2018-06-29 16:07:39.760,186.29,200.0
2018-06-29 16:07:39.760,186.29,67.0
2018-06-29 16:07:39.761,186.31,100.0
2018-06-29 16:07:40.502,186.295,4.0
2018-06-29 16:07:40.804,186.31,100.0
2018-06-29 16:07:40.804,186.31,100.0
2018-06-29 16:07:40.804,186.31,100.0
2018-06-29 16:07:41.111,186.3,26.0
2018-06-29 16:07:41.957,186.3,24.0
2018-06-29 16:07:41.964,186.3099,21.0
2018-06-29 16:07:41.965,186.3061,21.0
2018-06-29 16:07:42.910,186.29,1.0
2018-06-29 16:07:43.236,186.31,10.0
2018-06-29 16:07:43.236,186.31,7.0
2018-06-29 16:07:43.478,186.3,100.0
2018-06-29 16:07:43.478,186.29,200.0
2018-06-29 16:07:43.478,186.29,100.0
2018-06-29 16:07:43.478,186.29,100.0
2018-06-29 16:07:43.480,186.3,100.0
2018-06-29 16:07:43.481,186.3,84.0
2018-06-29 16:07:43.481,186.3,16.0
2018-06-29 16:07:43.762,186.3024,20.0
2018-06-29 16:07:43.803,186.31,93.0
2018-06-29 16:07:43.803,186.31,100.0
2018-06-29 16:07:43.803,186.31,100.0
2018-06-29 16:07:43.803,186.31,100.0
2018-06-29 16:07:43.803,186.31,100.0
2018-06-29 16:07:43.803,186.31,100.0
2018-06-29 16:07:43.803,186.31,7.0
2018-06-29 16:07:43.803,186.31,200.0
2018-06-29 16:07:44.513,186.32,10.0
2018-06-29 16:07:44.515,186.32,10.0
2018-06-29 16:07:44.516,186.33,10.0
2018-06-29 16:07:44.522,186.33,10.0
2018-06-29 16:07:44.523,186.33,10.0
2018-06-29 16:07:44.525,186.33,10.0
2018-06-29 16:07:45.189,186.33,100.0
2018-06-29 16:07:45.192,186.33,100.0
2018-06-29 16:07:46.105,186.32,200.0
2018-06-29 16:07:46.105,186.32,9.0
2018-06-29 16:07:46.105,186.32,10.0
2018-06-29 16:07:46.105,186.32,100.0
2018-06-29 16:07:46.105,186.32,90.0
2018-06-29 16:07:46.105,186.32,100.0
2018-06-29 16:07:46.107,186.33,25.0
2018-06-29 16:07:46.107,186.33,68.0
2018-06-29 16:07:46.270,186.31,1.0
2018-06-29 16:07:46.469,186.3,91.0
2018-06-29 16:07:46.469,186.3,9.0
2018-06-29 16:07:46.469,186.3,100.0
2018-06-29 16:07:48.324,186.29,100.0
2018-06-29 16:07:48.324,186.29,100.0
2018-06-29 16:07:48.324,186.29,1.0
2018-06-29 16:07:48.324,186.29,1.0
2018-06-29 16:07:48.324,186.29,1.0
2018-06-29 16:07:48.324,186.29,200.0
2018-06-29 16:07:48.324,186.29,71.0
2018-06-29 16:07:48.324,186.29,5.0
2018-06-29 16:07:48.324,186.28,124.0
2018-06-29 16:07:48.324,186.28,400.0
2018-06-29 16:07:48.324,186.29,100.0
2018-06-29 16:07:48.325,186.29,200.0
2018-06-29 16:07:48.428,186.3,49.0
2018-06-29 16:07:48.428,186.3,51.0
2018-06-29 16:07:48.802,186.2784,184.0
2018-06-29 16:07:49.253,186.28,100.0
2018-06-29 16:07:49.253,186.28,20.0
2018-06-29 16:07:49.506,186.29,10.0
2018-06-29 16:07:50.367,186.2889,1700.0
2018-06-29 16:07:51.617,186.29,10.0
2018-06-29 16:07:52.556,186.31,5.0
2018-06-29 16:07:52.566,186.3,5.0
2018-06-29 16:07:52.566,186.3,10.0
2018-06-29 16:07:52.640,186.2978,40.0
2018-06-29 16:07:53.543,186.31,4.0
2018-06-29 16:07:53.737,186.3,100.0
2018-06-29 16:07:53.747,186.3,100.0
2018-06-29 16:07:53.748,186.3027,300.0
2018-06-29 16:07:53.749,186.3,100.0
2018-06-29 16:07:53.749,186.3,100.0
2018-06-29 16:07:53.799,186.29,100.0
2018-06-29 16:07:53.799,186.29,200.0
2018-06-29 16:07:53.800,186.29,100.0
2018-06-29 16:07:53.800,186.3,70.0
2018-06-29 16:07:56.103,186.2974,10.0
2018-06-29 16:07:57.296,186.2999,45.0
2018-06-29 16:07:57.812,186.29,100.0
2018-06-29 16:07:57.812,186.29,100.0
2018-06-29 16:07:57.812,186.29,1.0
2018-06-29 16:07:57.813,186.295,20.0
2018-06-29 16:07:57.813,186.29,80.0
2018-06-29 16:07:57.813,186.29,20.0
2018-06-29 16:07:57.813,186.29,100.0
2018-06-29 16:07:57.866,186.28,180.0
2018-06-29 16:07:59.855,186.26,1.0
2018-06-29 16:07:59.957,186.26,30.0
2018-06-29 16:07:59.957,186.26,600.0
2018-06-29 16:07:59.958,186.26,100.0
2018-06-29 16:08:00.185,186.25,100.0
2018-06-29 16:08:00.769,186.2575,200.0
2018-06-29 16:08:00.773,186.255,800.0
2018-06-29 16:08:00.894,186.255,82.0
2018-06-29 16:08:01.533,186.255,1.0
2018-06-29 16:08:01.534,186.255,1.0
2018-06-29 16:08:01.534,186.25,427.0
2018-06-29 16:08:01.535,186.25,1.0
2018-06-29 16:08:02.202,186.25,100.0
2018-06-29 16:08:02.202,186.25,100.0
2018-06-29 16:08:02.202,186.25,10.0
2018-06-29 16:08:02.205,186.26,100.0
2018-06-29 16:08:02.205,186.26,100.0
2018-06-29 16:08:02.206,186.26,16.0
2018-06-29 16:08:02.206,186.26,84.0
2018-06-29 16:08:02.206,186.26,1.0
2018-06-29 16:08:02.206,186.26,1.0
2018-06-29 16:08:02.206,186.26,64.0
2018-06-29 16:08:02.206,186.26,36.0
2018-06-29 16:08:02.810,186.27,600.0
2018-06-29 16:08:02.811,186.27,100.0
2018-06-29 16:08:02.811,186.27,100.0
2018-06-29 16:08:02.811,186.27,3.0
2018-06-29 16:08:02.811,186.27,26.0
2018-06-29 16:08:02.811,186.27,100.0
2018-06-29 16:08:02.811,186.27,100.0
2018-06-29 16:08:02.845,186.27,1.0
2018-06-29 16:08:02.845,186.27,100.0
2018-06-29 16:08:02.845,186.27,100.0
2018-06-29 16:08:02.845,186.27,100.0
2018-06-29 16:08:02.847,186.2762,1.0
2018-06-29 16:08:02.848,186.2762,100.0
2018-06-29 16:08:02.854,186.274,1799.0
2018-06-29 16:08:03.802,186.27,100.0
2018-06-29 16:08:03.803,186.28,10.0
2018-06-29 16:08:03.803,186.28,100.0
2018-06-29 16:08:03.803,186.28,1.0
2018-06-29 16:08:03.803,186.28,100.0
2018-06-29 16:08:03.804,186.28,200.0
2018-06-29 16:08:03.804,186.28,200.0
2018-06-29 16:08:03.804,186.28,200.0
2018-06-29 16:08:03.804,186.28,100.0
2018-06-29 16:08:03.804,186.28,200.0
2018-06-29 16:08:03.804,186.28,100.0
2018-06-29 16:08:03.804,186.28,100.0
2018-06-29 16:08:03.804,186.28,89.0
2018-06-29 16:08:04.197,186.29,100.0
2018-06-29 16:08:04.198,186.29,100.0
2018-06-29 16:08:04.198,186.29,87.0
2018-06-29 16:08:04.307,186.29,200.0
2018-06-29 16:08:04.372,186.2899,20.0
2018-06-29 16:08:04.387,186.29,200.0
2018-06-29 16:08:05.719,186.2832,2.0
2018-06-29 16:08:07.274,186.29,100.0
2018-06-29 16:08:07.274,186.29,10.0
2018-06-29 16:08:07.275,186.29,100.0
2018-06-29 16:08:07.275,186.29,1.0
2018-06-29 16:08:07.275,186.29,100.0
2018-06-29 16:08:07.804,186.31,100.0
2018-06-29 16:08:07.804,186.31,100.0
2018-06-29 16:08:07.804,186.31,100.0
2018-06-29 16:08:07.804,186.31,100.0
2018-06-29 16:08:07.804,186.31,100.0
2018-06-29 16:08:07.805,186.31,100.0
2018-06-29 16:08:08.581,186.3,200.0
2018-06-29 16:08:08.581,186.3,100.0
2018-06-29 16:08:08.581,186.3,100.0
2018-06-29 16:08:08.666,186.29,200.0
2018-06-29 16:08:08.667,186.29,800.0
2018-06-29 16:08:10.407,186.29,100.0
2018-06-29 16:08:10.408,186.29,100.0
2018-06-29 16:08:10.413,186.28,300.0
2018-06-29 16:08:10.413,186.28,100.0
2018-06-29 16:08:10.413,186.28,200.0
2018-06-29 16:08:10.413,186.28,1.0
2018-06-29 16:08:10.413,186.28,1.0
2018-06-29 16:08:10.413,186.28,200.0
2018-06-29 16:08:10.413,186.28,500.0
2018-06-29 16:08:10.413,186.28,200.0
2018-06-29 16:08:10.413,186.28,100.0
2018-06-29 16:08:10.804,186.28,100.0
2018-06-29 16:08:10.804,186.28,600.0
2018-06-29 16:08:10.804,186.28,100.0
2018-06-29 16:08:10.804,186.28,100.0
2018-06-29 16:08:10.804,186.28,100.0
2018-06-29 16:08:10.804,186.28,100.0
2018-06-29 16:08:11.525,186.281,60.0
2018-06-29 16:08:12.204,186.29,100.0
2018-06-29 16:08:12.300,186.299,236.0
2018-06-29 16:08:15.261,186.28,1.0
2018-06-29 16:08:18.784,186.28,100.0
2018-06-29 16:08:18.784,186.28,100.0
2018-06-29 16:08:18.784,186.28,100.0
2018-06-29 16:08:18.784,186.28,100.0
2018-06-29 16:08:18.784,186.28,100.0
2018-06-29 16:08:18.784,186.28,100.0
2018-06-29 16:08:18.784,186.28,1.0
2018-06-29 16:08:18.784,186.28,100.0
2018-06-29 16:08:18.784,186.28,100.0
2018-06-29 16:08:18.828,186.27,199.0
2018-06-29 16:08:18.828,186.27,101.0
2018-06-29 16:08:18.828,186.27,200.0
2018-06-29 16:08:18.952,186.265,11.0
2018-06-29 16:08:19.787,186.2699,3.0
2018-06-29 16:08:21.052,186.26,100.0
2018-06-29 16:08:21.052,186.26,300.0
2018-06-29 16:08:21.052,186.26,32.0
2018-06-29 16:08:21.052,186.26,100.0
2018-06-29 16:08:21.052,186.26,100.0
2018-06-29 16:08:21.052,186.26,100.0
2018-06-29 16:08:21.052,186.26,200.0
2018-06-29 16:08:21.053,186.26,100.0
2018-06-29 16:08:21.053,186.26,32.0
2018-06-29 16:08:21.058,186.255,16.0
2018-06-29 16:08:21.058,186.25,44.0
2018-06-29 16:08:21.093,186.27,100.0
2018-06-29 16:08:21.093,186.27,23.0
2018-06-29 16:08:21.093,186.27,100.0
2018-06-29 16:08:21.093,186.28,398.0
2018-06-29 16:08:21.093,186.28,200.0
2018-06-29 16:08:21.093,186.28,98.0
2018-06-29 16:08:21.093,186.28,100.0
2018-06-29 16:08:21.093,186.28,200.0
2018-06-29 16:08:21.093,186.28,100.0
2018-06-29 16:08:21.093,186.28,2.0
2018-06-29 16:08:21.094,186.32,200.0
2018-06-29 16:08:21.094,186.28,100.0
2018-06-29 16:08:21.094,186.29,100.0
2018-06-29 16:08:21.094,186.29,100.0
2018-06-29 16:08:21.094,186.29,100.0
2018-06-29 16:08:21.094,186.29,200.0
2018-06-29 16:08:21.094,186.29,100.0
2018-06-29 16:08:21.095,186.29,200.0
2018-06-29 16:08:21.095,186.33,200.0
2018-06-29 16:08:21.095,186.29,100.0
2018-06-29 16:08:21.095,186.29,100.0
2018-06-29 16:08:21.095,186.29,100.0
2018-06-29 16:08:21.095,186.29,100.0
2018-06-29 16:08:21.095,186.29,200.0
2018-06-29 16:08:21.095,186.3,200.0
2018-06-29 16:08:21.095,186.3,100.0
2018-06-29 16:08:21.095,186.3,300.0
2018-06-29 16:08:21.095,186.34,200.0
2018-06-29 16:08:21.095,186.28,100.0
2018-06-29 16:08:21.095,186.3,100.0
2018-06-29 16:08:21.095,186.35,100.0
2018-06-29 16:08:21.095,186.35,100.0
2018-06-29 16:08:21.095,186.31,200.0
2018-06-29 16:08:21.096,186.37,100.0
2018-06-29 16:08:21.096,186.29,100.0
2018-06-29 16:08:21.096,186.36,200.0
2018-06-29 16:08:21.096,186.29,100.0
2018-06-29 16:08:21.096,186.3,100.0
2018-06-29 16:08:21.096,186.3,100.0
2018-06-29 16:08:21.096,186.3,100.0
2018-06-29 16:08:21.096,186.31,200.0
2018-06-29 16:08:21.096,186.31,100.0
2018-06-29 16:08:21.096,186.32,100.0
2018-06-29 16:08:21.097,186.31,200.0
2018-06-29 16:08:21.097,186.3,100.0
2018-06-29 16:08:21.097,186.3,64.0
2018-06-29 16:08:21.097,186.32,200.0
2018-06-29 16:08:21.097,186.32,100.0
2018-06-29 16:08:21.097,186.32,100.0
2018-06-29 16:08:21.097,186.33,200.0
2018-06-29 16:08:21.097,186.3,150.0
2018-06-29 16:08:21.097,186.3,86.0
2018-06-29 16:08:21.097,186.3,100.0
2018-06-29 16:08:21.097,186.31,100.0
2018-06-29 16:08:21.097,186.31,14.0
2018-06-29 16:08:21.097,186.31,100.0
2018-06-29 16:08:21.098,186.29,100.0
2018-06-29 16:08:21.098,186.33,100.0
2018-06-29 16:08:21.099,186.31,86.0
2018-06-29 16:08:21.099,186.31,100.0
2018-06-29 16:08:21.099,186.31,114.0
2018-06-29 16:08:21.099,186.33,100.0
2018-06-29 16:08:21.099,186.31,20.0
2018-06-29 16:08:21.099,186.31,80.0
2018-06-29 16:08:21.099,186.31,150.0
2018-06-29 16:08:21.099,186.33,100.0
2018-06-29 16:08:21.099,186.34,150.0
2018-06-29 16:08:21.099,186.34,1.0
2018-06-29 16:08:21.099,186.34,49.0
2018-06-29 16:08:21.099,186.32,100.0
2018-06-29 16:08:21.099,186.34,300.0
2018-06-29 16:08:21.099,186.34,151.0
2018-06-29 16:08:21.099,186.29,100.0
2018-06-29 16:08:21.099,186.31,20.0
2018-06-29 16:08:21.099,186.32,200.0
2018-06-29 16:08:21.099,186.32,100.0
2018-06-29 16:08:21.099,186.31,36.0
2018-06-29 16:08:21.099,186.31,2.0
2018-06-29 16:08:21.099,186.32,100.0
2018-06-29 16:08:21.099,186.31,100.0
2018-06-29 16:08:21.099,186.32,500.0
2018-06-29 16:08:21.099,186.32,100.0
2018-06-29 16:08:21.099,186.32,100.0
2018-06-29 16:08:21.099,186.33,100.0
2018-06-29 16:08:21.099,186.33,200.0
2018-06-29 16:08:21.099,186.33,100.0
2018-06-29 16:08:21.100,186.32,200.0
2018-06-29 16:08:21.100,186.32,100.0
2018-06-29 16:08:21.100,186.32,100.0
2018-06-29 16:08:21.100,186.32,200.0
2018-06-29 16:08:21.100,186.33,100.0
2018-06-29 16:08:21.100,186.32,100.0
2018-06-29 16:08:21.100,186.32,100.0
2018-06-29 16:08:21.100,186.32,100.0
2018-06-29 16:08:21.100,186.32,200.0
2018-06-29 16:08:21.101,186.32,100.0
2018-06-29 16:08:21.101,186.32,50.0
2018-06-29 16:08:21.101,186.32,50.0
2018-06-29 16:08:21.101,186.32,100.0
2018-06-29 16:08:21.101,186.33,50.0
2018-06-29 16:08:21.101,186.33,100.0
2018-06-29 16:08:21.101,186.33,100.0
2018-06-29 16:08:21.101,186.33,100.0
2018-06-29 16:08:21.103,186.33,200.0
2018-06-29 16:08:21.103,186.33,200.0
2018-06-29 16:08:21.103,186.33,300.0
2018-06-29 16:08:21.103,186.3,100.0
2018-06-29 16:08:21.103,186.33,20.0
2018-06-29 16:08:21.103,186.33,2.0
2018-06-29 16:08:21.105,186.33,100.0
2018-06-29 16:08:21.105,186.34,39.0
2018-06-29 16:08:21.106,186.33,98.0
2018-06-29 16:08:21.106,186.33,242.0
2018-06-29 16:08:21.106,186.33,158.0
2018-06-29 16:08:21.106,186.33,97.0
2018-06-29 16:08:21.106,186.33,50.0
2018-06-29 16:08:21.106,186.33,400.0
2018-06-29 16:08:21.106,186.33,500.0
2018-06-29 16:08:21.107,186.31,100.0
2018-06-29 16:08:21.107,186.31,100.0
2018-06-29 16:08:21.107,186.34,200.0
2018-06-29 16:08:21.107,186.34,100.0
2018-06-29 16:08:21.107,186.34,100.0
2018-06-29 16:08:21.107,186.32,100.0
2018-06-29 16:08:21.107,186.33,10.0
2018-06-29 16:08:21.107,186.33,10.0
2018-06-29 16:08:21.107,186.33,233.0
2018-06-29 16:08:21.107,186.33,2.0
2018-06-29 16:08:21.107,186.33,100.0
2018-06-29 16:08:21.107,186.33,100.0
2018-06-29 16:08:21.107,186.33,100.0
2018-06-29 16:08:21.107,186.35,100.0
2018-06-29 16:08:21.107,186.35,60.0
2018-06-29 16:08:21.107,186.32,100.0
2018-06-29 16:08:21.107,186.35,100.0
2018-06-29 16:08:21.108,186.35,100.0
2018-06-29 16:08:21.108,186.33,62.0
2018-06-29 16:08:21.109,186.33,38.0
2018-06-29 16:08:21.109,186.34,62.0
2018-06-29 16:08:21.109,186.34,100.0
2018-06-29 16:08:21.109,186.34,10.0
2018-06-29 16:08:21.109,186.34,790.0
2018-06-29 16:08:21.109,186.34,138.0
2018-06-29 16:08:21.109,186.34,200.0
2018-06-29 16:08:21.109,186.34,100.0
2018-06-29 16:08:21.111,186.32,100.0
2018-06-29 16:08:21.112,186.32,100.0
2018-06-29 16:08:21.113,186.33,100.0
2018-06-29 16:08:21.113,186.33,400.0
2018-06-29 16:08:21.114,186.33,100.0
2018-06-29 16:08:21.115,186.34,100.0
2018-06-29 16:08:21.115,186.33,100.0
2018-06-29 16:08:21.116,186.34,100.0
2018-06-29 16:08:21.118,186.34,210.0
2018-06-29 16:08:21.118,186.34,300.0
2018-06-29 16:08:21.118,186.34,90.0
2018-06-29 16:08:21.119,186.34,100.0
2018-06-29 16:08:21.119,186.33,10.0
2018-06-29 16:08:21.120,186.34,10.0
2018-06-29 16:08:21.120,186.34,290.0
2018-06-29 16:08:21.120,186.34,100.0
2018-06-29 16:08:21.121,186.34,100.0
2018-06-29 16:08:21.121,186.34,200.0
2018-06-29 16:08:21.121,186.34,200.0
2018-06-29 16:08:21.122,186.33,20.0
2018-06-29 16:08:21.123,186.33,100.0
2018-06-29 16:08:21.126,186.34,300.0
2018-06-29 16:08:21.128,186.34,10.0
2018-06-29 16:08:21.128,186.34,100.0
2018-06-29 16:08:21.128,186.33,70.0
2018-06-29 16:08:21.132,186.33,100.0
2018-06-29 16:08:21.133,186.33,100.0
2018-06-29 16:08:21.137,186.34,10.0
2018-06-29 16:08:21.137,186.34,160.0
2018-06-29 16:08:21.138,186.33,200.0
2018-06-29 16:08:21.139,186.34,100.0
2018-06-29 16:08:21.139,186.34,100.0
2018-06-29 16:08:21.140,186.34,100.0
2018-06-29 16:08:21.140,186.35,100.0
2018-06-29 16:08:21.140,186.34,100.0
2018-06-29 16:08:21.140,186.34,100.0
2018-06-29 16:08:21.144,186.34,100.0
2018-06-29 16:08:21.144,186.34,100.0
2018-06-29 16:08:21.147,186.33,100.0
2018-06-29 16:08:21.147,186.33,25.0
2018-06-29 16:08:21.148,186.34,10.0
2018-06-29 16:08:21.149,186.34,80.0
2018-06-29 16:08:21.154,186.33,75.0
2018-06-29 16:08:21.154,186.34,11.0
2018-06-29 16:08:21.155,186.33,40.0
2018-06-29 16:08:21.164,186.33,100.0
2018-06-29 16:08:21.169,186.33,2.0
2018-06-29 16:08:21.169,186.33,100.0
2018-06-29 16:08:21.169,186.34,100.0
2018-06-29 16:08:21.169,186.35,200.0
2018-06-29 16:08:21.169,186.35,100.0
2018-06-29 16:08:21.169,186.35,100.0
2018-06-29 16:08:21.170,186.33,100.0
2018-06-29 16:08:21.171,186.34,80.0
2018-06-29 16:08:21.183,186.34,10.0
2018-06-29 16:08:21.184,186.34,100.0
2018-06-29 16:08:21.185,186.35,100.0
2018-06-29 16:08:21.185,186.35,100.0
2018-06-29 16:08:21.185,186.35,100.0
2018-06-29 16:08:21.185,186.34,100.0
2018-06-29 16:08:21.185,186.34,100.0
2018-06-29 16:08:21.186,186.34,10.0
2018-06-29 16:08:21.188,186.33,70.0
2018-06-29 16:08:21.188,186.33,30.0
2018-06-29 16:08:21.188,186.33,100.0
2018-06-29 16:08:21.188,186.33,70.0
2018-06-29 16:08:21.188,186.33,100.0
2018-06-29 16:08:21.188,186.33,30.0
2018-06-29 16:08:21.188,186.33,70.0
2018-06-29 16:08:21.188,186.33,77.0
2018-06-29 16:08:21.189,186.33,23.0
2018-06-29 16:08:21.189,186.33,10.0
2018-06-29 16:08:21.191,186.33,100.0
2018-06-29 16:08:21.191,186.33,70.0
2018-06-29 16:08:21.191,186.33,30.0
2018-06-29 16:08:21.195,186.33,10.0
2018-06-29 16:08:21.202,186.33,80.0
2018-06-29 16:08:21.214,186.32,100.0
2018-06-29 16:08:21.214,186.32,10.0
2018-06-29 16:08:21.214,186.32,100.0
2018-06-29 16:08:21.214,186.32,100.0
2018-06-29 16:08:21.214,186.31,62.0
2018-06-29 16:08:21.216,186.31,38.0
2018-06-29 16:08:21.222,186.33,130.0
2018-06-29 16:08:21.222,186.33,50.0
2018-06-29 16:08:21.223,186.32,100.0
2018-06-29 16:08:21.225,186.32,50.0
2018-06-29 16:08:21.226,186.32,50.0
2018-06-29 16:08:21.230,186.32,10.0
2018-06-29 16:08:21.250,186.32,50.0
2018-06-29 16:08:21.250,186.33,57.0
2018-06-29 16:08:21.275,186.33,50.0
2018-06-29 16:08:21.275,186.32,40.0
2018-06-29 16:08:21.275,186.33,100.0
2018-06-29 16:08:21.275,186.33,100.0
2018-06-29 16:08:21.275,186.33,100.0
2018-06-29 16:08:21.275,186.33,88.0
2018-06-29 16:08:21.275,186.33,12.0
2018-06-29 16:08:21.277,186.33,13.0
2018-06-29 16:08:21.277,186.33,100.0
2018-06-29 16:08:21.279,186.33,100.0
2018-06-29 16:08:21.284,186.33,14.0
2018-06-29 16:08:21.394,186.33,86.0
2018-06-29 16:08:21.407,186.33,2.0
2018-06-29 16:08:21.409,186.33,25.0
2018-06-29 16:08:21.443,186.33,100.0
2018-06-29 16:08:21.465,186.33,55.0
2018-06-29 16:08:21.465,186.33,100.0
2018-06-29 16:08:21.465,186.33,45.0
2018-06-29 16:08:21.481,186.33,41.0
2018-06-29 16:08:21.485,186.34,2.0
2018-06-29 16:08:21.589,186.33,5.0
2018-06-29 16:08:21.702,186.34,2.0
2018-06-29 16:08:21.804,186.33,57.0
2018-06-29 16:08:21.804,186.33,23.0
2018-06-29 16:08:21.804,186.33,22.0
2018-06-29 16:08:21.804,186.33,22.0
2018-06-29 16:08:21.804,186.33,23.0
2018-06-29 16:08:21.804,186.33,29.0
2018-06-29 16:08:21.805,186.33,15.0
2018-06-29 16:08:21.805,186.33,100.0
2018-06-29 16:08:21.805,186.33,43.0
2018-06-29 16:08:21.805,186.33,100.0
2018-06-29 16:08:21.805,186.33,100.0
2018-06-29 16:08:21.805,186.33,10.0
2018-06-29 16:08:21.805,186.33,100.0
2018-06-29 16:08:21.806,186.33,77.0
2018-06-29 16:08:21.806,186.33,56.0
2018-06-29 16:08:21.806,186.33,100.0
2018-06-29 16:08:21.807,186.33,100.0
2018-06-29 16:08:21.807,186.33,77.0
2018-06-29 16:08:21.807,186.33,23.0
2018-06-29 16:08:21.807,186.33,100.0
2018-06-29 16:08:21.815,186.33,20.0
2018-06-29 16:08:21.815,186.33,80.0
2018-06-29 16:08:21.816,186.33,20.0
2018-06-29 16:08:21.817,186.33,21.0
2018-06-29 16:08:21.905,186.33,60.0
2018-06-29 16:08:21.905,186.33,18.0
2018-06-29 16:08:21.905,186.33,25.0
2018-06-29 16:08:21.953,186.33,40.0
2018-06-29 16:08:21.953,186.33,60.0
2018-06-29 16:08:22.008,186.33,4.0
2018-06-29 16:08:22.190,186.33,40.0
2018-06-29 16:08:22.190,186.33,10.0
2018-06-29 16:08:22.190,186.33,2.0
2018-06-29 16:08:22.190,186.33,2.0
2018-06-29 16:08:22.190,186.33,67.0
2018-06-29 16:08:22.190,186.33,1.0
2018-06-29 16:08:22.190,186.33,25.0
2018-06-29 16:08:22.190,186.33,25.0
2018-06-29 16:08:22.190,186.33,8.0
2018-06-29 16:08:22.254,186.34,100.0
2018-06-29 16:08:22.254,186.34,100.0
2018-06-29 16:08:22.802,186.34,100.0
2018-06-29 16:08:22.802,186.34,100.0
2018-06-29 16:08:22.802,186.34,100.0
2018-06-29 16:08:22.802,186.34,100.0
2018-06-29 16:08:22.804,186.34,100.0
2018-06-29 16:08:22.818,186.35,17.0
2018-06-29 16:08:22.895,186.35,2.0
2018-06-29 16:08:22.915,186.34,100.0
2018-06-29 16:08:22.915,186.34,100.0
2018-06-29 16:08:22.915,186.34,4.0
2018-06-29 16:08:22.915,186.34,2.0
2018-06-29 16:08:22.915,186.34,6.0
2018-06-29 16:08:22.915,186.34,4.0
2018-06-29 16:08:22.940,186.3316,100.0
2018-06-29 16:08:22.947,186.33,100.0
2018-06-29 16:08:22.947,186.33,400.0
2018-06-29 16:08:22.948,186.33,100.0
2018-06-29 16:08:22.948,186.34,94.0
2018-06-29 16:08:22.948,186.33,100.0
2018-06-29 16:08:22.963,186.33,100.0
2018-06-29 16:08:22.963,186.34,10.0
2018-06-29 16:08:23.006,186.34,100.0
2018-06-29 16:08:23.222,186.34,5.0
2018-06-29 16:08:23.480,186.34,24.0
2018-06-29 16:08:23.802,186.34,71.0
2018-06-29 16:08:23.802,186.35,3.0
2018-06-29 16:08:23.802,186.35,26.0
2018-06-29 16:08:23.804,186.36,288.0
2018-06-29 16:08:23.804,186.36,50.0
2018-06-29 16:08:23.804,186.36,150.0
2018-06-29 16:08:23.805,186.36,50.0
2018-06-29 16:08:23.847,186.36,100.0
2018-06-29 16:08:23.847,186.36,100.0
2018-06-29 16:08:23.848,186.36,10.0
2018-06-29 16:08:23.848,186.36,4.0
2018-06-29 16:08:23.853,186.36,100.0
2018-06-29 16:08:23.853,186.36,100.0
2018-06-29 16:08:23.856,186.36,10.0
2018-06-29 16:08:23.856,186.35,100.0
2018-06-29 16:08:23.856,186.35,100.0
2018-06-29 16:08:23.856,186.35,100.0
2018-06-29 16:08:23.856,186.35,100.0
2018-06-29 16:08:23.856,186.35,176.0
2018-06-29 16:08:24.320,186.37,10.0
2018-06-29 16:08:24.320,186.37,100.0
2018-06-29 16:08:24.552,186.3701,6.0
2018-06-29 16:08:24.804,186.38,200.0
2018-06-29 16:08:24.806,186.38,50.0
2018-06-29 16:08:24.810,186.39,50.0
2018-06-29 16:08:24.810,186.39,100.0
2018-06-29 16:08:24.810,186.39,100.0
2018-06-29 16:08:24.810,186.39,200.0
2018-06-29 16:08:24.810,186.39,50.0
2018-06-29 16:08:24.811,186.39,100.0
2018-06-29 16:08:24.811,186.39,100.0
2018-06-29 16:08:24.812,186.39,100.0
2018-06-29 16:08:24.812,186.39,100.0
2018-06-29 16:08:24.812,186.39,100.0
2018-06-29 16:08:24.812,186.39,100.0
2018-06-29 16:08:24.812,186.39,100.0
2018-06-29 16:08:24.825,186.39,5.0
2018-06-29 16:08:24.946,186.39,80.0
2018-06-29 16:08:24.946,186.39,15.0
2018-06-29 16:08:24.946,186.39,100.0
2018-06-29 16:08:24.946,186.4,5.0
2018-06-29 16:08:24.946,186.39,45.0
2018-06-29 16:08:24.946,186.39,55.0
2018-06-29 16:08:25.034,186.39,98.0
2018-06-29 16:08:25.035,186.39,2.0
2018-06-29 16:08:25.035,186.39,98.0
2018-06-29 16:08:25.035,186.39,100.0
2018-06-29 16:08:25.035,186.39,100.0
2018-06-29 16:08:25.036,186.39,100.0
2018-06-29 16:08:25.038,186.39,100.0
2018-06-29 16:08:25.039,186.39,100.0
